3050 4900
1129 234 1760 304 PRAEFATIONES.
1950 258 1980 285 f
2319 249 2522 310 XXH!

313 393 565 457 stantini
587 440 611 473 ,
660 396 835 458 mins
865 396 936 455 in
982 391 1164 456 titulo
1207 396 1609 481 perhibetur3
1652 407 1715 459 at
1768 406 2082 480 expertum
2122 396 2521 485 interpolato-

306 516 478 574 rem;
528 497 670 558 eive
708 515 904 580 nepos
943 496 1078 557 eius
1108 494 1545 558 Constantinus
1600 495 1706 558 ille
1734 497 1943 580 fuerit,
1990 500 2120 561 sive
2163 499 2320 563 alius
2355 504 2520 585 quis·

302 615 577 679 cunque.
625 595 847 680 Specie
890 607 1113 660 neutra
1155 608 1321 660 caret
1350 597 1690 680 sentenu’a3
1734 595 1889 660 mihi
1914 608 2120 663 tamen
2150 602 2379 662 rectius
2433 605 2520 665 vi·

297 694 447 759 deor
476 697 712 777 fficere,
752 698 806 759 si
838 698 1167 782 posteriori
1198 696 1502 761 calculum
1531 716 1738 761 meum
1755 697 2004 782 addam,
2031 721 2213 784 quam
2227 702 2279 762 si
2294 703 2512 784 priori.

466 797 587 859 Isti
603 798 853 882 quidem
885 801 1246 879 sententiae,
1285 820 1445 882 quae
1480 800 1787 863 iuniorem
1813 799 2306 882 Constantinum,
2356 802 2519 863 Basi-

290 895 366 958 lii
421 897 857 983 Bulgaroetoni
911 898 1193 979 tratrem,
1238 900 1409 982 operi
1455 898 1603 962 huic
1671 899 1954 962 inscribit
1972 944 1993 981 ,
2052 911 2115 963 et
2176 899 2511 963 secundum

294 1016 501 1081 quam
535 999 776 1061 deberet
802 998 913 1061 illo
944 1011 1257 1061 exaratum
1300 999 1486 1062 fiiisse
1514 1000 1808 1081 triennio,
1852 1021 1977 1084 quo
2015 997 2181 1061 solus
2217 998 2323 1061 ille
2356 1001 2512 1062 Con-

296 1100 612 1161 stantinus
639 1111 776 1184 post
815 1099 1024 1161 fiatris
1056 1099 1181 1161 fata
1209 1101 1509 1183 regnavit,
1554 1100 1620 1162 id
1664 1099 1855 1162 estab
1890 1099 1977 1162 A.
2010 1100 2090 1161 C.
2121 1099 2274 1162 1025
2308 1120 2511 1184 usque

296 1195 384 1259 ad
426 1196 585 1261 1028
603 1245 626 1278 ,
688 1200 855 1263 iavet
911 1198 1035 1262 hoo
1086 1200 1370 1281 maxime,
1410 1200 1580 1285 quod
1624 1201 1829 1262 iunior
1885 1199 2318 1262 Constantinus
2362 1221 2506 1262 cum

294 1317 417 1359 avo
444 1320 575 1360 non
622 1298 705 1361 de
739 1299 927 1364 solius
961 1300 1147 1362 huius
1181 1301 1410 1383 operia,
1454 1299 1563 1363 sed
1595 1300 1856 1364 aliorum
1882 1321 2127 1385 quoque
2167 1303 2503 1384 possessio-

286 1416 371 1460 ne
404 1399 767 1462 contendat.
853 1400 999 1463 Non
1048 1400 1270 1462 desunt
1302 1400 1638 1465 eorundem
1669 1400 1971 1464 librorum
2002 1401 2300 1485 exempla,
2344 1421 2501 1486 quos

290 1497 397 1560 alii
436 1498 681 1562 librarii
710 1522 857 1578 avo,
897 1500 1003 1562 alii
1055 1503 1267 1583 nepoti
1299 1500 1605 1581 tribuunt,
1648 1503 1882 1563 etiamsi
1911 1522 2102 1585 nepos
2138 1502 2218 1564 ab
2253 1502 2501 1586 ignavia

286 1609 353 1658 et
389 1599 690 1662 dissoluta
730 1603 857 1662 vita
891 1602 959 1662 in
997 1599 1253 1662 historia
1286 1600 1626 1684 Byzantina
1675 1599 1836 1661 male
1885 1601 2111 1663 audiat.
2194 1602 2290 1664 Ita
2318 1600 2498 1663 libel-

288 1695 391 1759 lus
428 1698 509 1761 de
553 1702 819 1784 imagine
852 1699 1188 1782 Edessena,
1234 1720 1422 1784 quem
1459 1700 1854 1765 Commsma
1894 1703 1960 1764 in
1993 1700 2338 1783 Mam’pulo
2370 1721 2500 1762 an-

290 1784 665 1881 &quitatum
713 1799 1132 1863 CPtanarum
1162 1819 1323 1886 pag.
1364 1798 1445 1885 75
1473 1819 1615 1886 sqq.
1646 1800 1763 1863 sub
1793 1803 2044 1863 nomine
2069 1800 2361 1879 Senioris,
2392 1810 2500 1861 aut

282 1896 611 1982 Sapienti&
658 1900 1047 1962 Constantini
1082 1900 1275 1962 edidit
1297 1945 1318 1983 ,
1363 1922 1490 1964 non
1519 1911 1762 1963 tantum
1791 1901 2162 1985 Lipomanni
2201 1902 2498 1962 coniectu·

277 2016 351 2059 ra
385 2001 615 2062 iuniori
655 2001 901 2080 tribuit,
931 1999 1043 2063 sed
1086 2001 1271 2064 etiam
1318 2001 1508 2064 codex
1555 2001 1776 2085 aliquis
1820 2000 2227 2063 bibliothecae
2269 2001 2495 2083 Regiae

273 2096 679 2163 Taurinensis
706 2147 726 2181 ,
769 2111 843 2162 nt
885 2121 924 2161 e
984 2121 1184 2184 nuper
1232 2102 1397 2163 edito
1444 2099 1763 2183 Catalogo
1798 2102 2091 2164 codicum
2147 2113 2492 2163 msctorum

266 2198 546 2261 eiusdem
574 2200 991 2264 bibliothecae
1008 2222 1169 2287 pag.
1206 2199 1329 2264 505
1386 2221 1434 2266 a
1476 2200 1688 2265 didici.
1740 2200 2032 2263 Similiter
2053 2192 2444 2263 Taeticorum
2463 2244 2484 2281 ,

268 2318 305 2359 a
328 2301 617 2363 qumo
641 2303 711 2362 in
736 2300 1127 2364 collectione
1157 2301 1609 2388 opusculorum
1641 2301 2350 2380 Constantinianomm,
2370 2301 2487 2362 sub

266 2399 371 2461 avi
408 2402 669 2464 nomine
728 2400 1117 2485 proditorum
1136 2447 1158 2485 ,
1199 2400 1497 2465 vindicias
1538 2401 1882 2485 disceptant
1942 2421 2096 2464 avus
2163 2410 2226 2463 et
2264 2417 2482 2484 nepos·

266 2499 1016 2584 CodexVindobonensis,
1055 2514 1117 2565 et
1144 2524 1214 2565 ex
1244 2523 1318 2564 eo
1349 2501 1685 2585 descriptus
1716 2499 2057 2582 Palatinus,
2106 2523 2291 2587 quem
2317 2504 2482 2586 typis

262 2620 556 2663 excusum
604 2602 875 2664 reddidit
911 2603 1216 2664 Meursius
1231 2647 1253 2682 ,
1317 2602 1601 2664 tribuunt
1639 2622 1785 2683 avo;
1865 2602 2236 2663 Veronensis
2277 2614 2479 2665 antem

266 2710 332 2760 et
373 2699 772 2785 Augustanus
812 2702 1049 2785 nepoti.
1133 2702 1353 2765 Neutri
1392 2713 1583 2764 recte.
1669 2701 1886 2787 Neque
1924 2702 2090 2764 enim
2127 2700 2337 2785 huius,
2378 2723 2478 2764 ne-

272 2821 398 2883 que
433 2800 601 2864 illius
639 2814 767 2881 est,
812 2801 926 2864 sed
957 2805 1086 2865 eius
1126 2813 1218 2864 est
1265 2802 1649 2865 Constantini
1694 2801 2266 2887 Porphyrogenneti
2288 2848 2308 2883 ,
2367 2805 2476 2888 qui

270 2898 396 2960 fiiit
434 2899 595 2962 filius
630 2900 832 2962 Basilii
874 2901 1258 2981 Macedonis,
1305 2902 1494 2963 frater
1520 2904 1746 2965 Leonis
1791 2904 2112 2986 Sapientis,
2136 2914 2286 2965 natu
2340 2925 2473 2965 ma-

258 3000 393 3078 ior,
440 2999 717 3085 adeoque
750 3012 1011 3085 patruus
1051 3003 1179 3064 eius
1223 3002 1656 3082 Constantini,
1722 3004 1823 3064 cui
1870 3003 2123 3065 'raetica
2183 3002 2291 3063 illa
2334 3015 2476 3085 post

254 3101 609 3163 Man-sium
652 3101 841 3186 vulgo
881 3102 1286 3184 imputantur.
1374 3100 1557 3163 Clare
1597 3101 1662 3163 id
1701 3100 1921 3186 liquet,
1967 3102 2022 3163 si
2060 3102 2198 3185 quis
2240 3100 2469 3182 locum,

254 3203 368 3284 qui
413 3221 561 3285 pag.
606 3223 685 3287 27
721 3202 871 3264 edit.
923 3204 1158 3264 Menrs.
1203 3201 1318 3264 lin.
1363 3222 1444 3265 20
1491 3210 1773 3285 prostat,
1816 3220 1958 3262 cum
1996 3203 2221 3284 pagina
2275 3204 2471 3264 nostri

260 3298 445 3364 huius
485 3306 694 3385 operis
734 3299 854 3387 287
903 3313 1232 3386 comparet.
1284 3301 1603 3385 Leguntur
1645 3322 1743 3381 ec,
1786 3321 1911 3385 quo
1957 3302 2105 3382 dixi,
2149 3302 2286 3365 loco
2315 3302 2471 3366 haec

253 3401 464 3464 verbaz
509 3401 707 3464 τοῦτο
755 3397 881 3486 γᾰρ
920 3396 1035 3464 καὶ
1067 3397 1369 3486 ἡμέτερος
1403 3395 1615 3485 παι-ἦρ
1650 3394 1764 3462 καὶ
1794 3396 2104 3481 βασιλεῦς
2141 3401 2438 3487 ἐποίησεν
2448 3449 2469 3480 ,

256 3491 355 3562 ὅτε
393 3496 563 3564 κατὰ
608 3501 675 3565 Γ
668 3501 1046 3584 ερμανικίας
1082 3535 1116 3551 -
1158 3499 1706 3581 ἔταξειδεύσαμεν.
1790 3500 1967 3565 Nam
2004 3514 2068 3564 et
2103 3500 2185 3563 id
2216 3522 2463 3588 quoque

234 3599 405 3686 ficit
444 3616 653 3688 pater
695 3615 921 3665 noster
953 3601 1245 3686 idemque
1294 3602 1687 3687 Imperator,
1732 3621 1922 3685 quum
1952 3601 2268 3663 adversus
2297 3599 2466 3663 Ger-

246 3705 609 3766 maniciam
641 3723 1069 3767 moveremus.
1135 3690 1542 3788 Neque‘LeQ
1588 3723 1789 3787 neque
1820 3702 2285 3781 Constantinus,
2333 3704 2462 3762 eius

243 3801 438 3882 filius,
483 3825 697 3888 neque
735 3805 1052 3865 Romanus
1072 3848 1092 3882 ,
1134 3824 1334 3888 neque
1376 3802 1811 3865 Constantinus
1856 3803 1986 3863 eius
2022 3800 2182 3862 filins
2202 3844 2222 3879 ‚
2282 3821 2463 3883 expe-

237 3900 539 3967 ditionem
583 3904 889 3966 adversus
934 3903 1381 3964 Germaniciani
1423 3904 1718 3981 inierunt,
1763 3900 1870 3963 sed
1903 3898 2163 3962 Basilius
2206 3899 2460 3961 Macedo

228 4003 376 4066 fecit
411 4005 505 4067 A.
553 4004 635 4066 C.
683 4001 838 4088 879.
930 4001 1111 4064 Hunc
1146 4015 1406 4089 patrem
1446 4023 1632 4063 suum
1694 4000 2001 4086 appellat,
2044 4000 2153 4084 qui
2195 4019 2266 4061 ea
2309 3999 2462 4060 scri-
2539 4063 2550 4079 ⁸

214 4108 359 4188 psit.
462 4107 623 4172 Fuit
662 4106 715 4167 is
771 4125 924 4187 ergo
981 4103 1409 4196 Constantinus
1449 4100 2070 4186 Porphyrogennetus
2091 4146 2112 4184 ,
2172 4102 2280 4184 qui
2319 4109 2460 4162 ante
