3050 4900
920 339 1565 410 raAErAnoNEs.
1913 326 1942 343 ⁹
2263 355 2404 417 xlx

204 496 559 560 Macedouis
600 495 937 580 triumphis
966 541 986 576 ,
1030 500 1097 561 in
1140 498 1478 583 appendice
1521 499 1665 564 librl
1707 502 1927 585 primlg
1995 505 2146 566 item
2189 503 2269 568 de
2306 527 2409 570 ex·-

202 597 512 681 peditione
572 597 843 659 Himerii
902 597 1196 660 adversus
1247 599 1570 663 Cretenses
1640 600 1969 673 Saracenos
2030 603 2145 665 sub
2204 607 2414 668 Leone

202 698 488 781 Sapiente
535 698 753 777 dicto3
800 718 995 780 porro
1047 696 1133 758 de·
1168 697 1470 782 legatione
1519 700 1786 762 Romani
1835 704 2135 787 Lecapeni
2168 704 2248 768 ad
2287 707 2414 768 Hu-

200 819 423 881 gonem
476 796 700 860 Italiae
740 818 955 882 regem
975 841 995 877 ,
1057 798 1535 883 muneribusque
1580 799 1672 862 illi
1723 823 1867 863 cum
1911 804 2414 887 Protospathario

200 898 536 960 Paschalio
572 902 641 960 in
678 919 826 960 eum
866 898 1054 958 finem
1094 882 1291 960 missis
1310 940 1330 978 ‚
1372 908 1445 960 ut
1493 899 1751 962 rebelles
1799 903 2237 986 Longohardos
2263 906 2418 968 Lan-

204 998 458 1060 dulfinn
480 1045 501 1077 ‚
536 997 1051 1081 Athenulphum,
1111 998 1326 1061 stau-es
1348 1044 1367 1080 ‚
1429 1011 1493 1060 et
1542 999 1711 1062 aliud
1755 1001 2017 1065 fratrum
2071 1026 2187 1086 par
2207 1051 2226 1085 ‚
2268 1006 2420 1067 Gai-

206 1102 479 1161 marium
521 1111 581 1160 et
619 1099 987 1178 &tifex-ium,
1029 1096 1168 1161 illos
1211 1099 1459 1182 Capuae
1505 1111 1567 1161 et
1610 1101 1942 1164 Beneventi
1962 1149 1981 1183 ‚
2029 1104 2144 1166 hos
2181 1103 2420 1168 Salerni

210 1199 481 1283 rquloffi
524 1204 591 1261 in
636 1200 923 1261 ordinem
963 1209 1224 1282 cogeret.
1307 1197 1480 1261 Nitet
1508 1221 1754 1284 quoque
1791 1201 1858 1262 in
1899 1224 2099 1284 primo
2145 1203 2264 1265 hoc
2303 1226 2422 1267 vo·-

215 1297 440 1361 lumine
477 1321 624 1383 cap.
667 1300 904 1361 XCVI.
946 1320 1092 1381 pag.
1130 1298 1247 1360 253
1292 1298 1452 1359 edita
1490 1299 1747 1362 sollicita
1787 1300 1889 1363 illa
1918 1314 1980 1363 et
2021 1303 2190 1365 velut
2224 1303 2421 1367 diaria

211 1403 476 1463 narratio
518 1400 842 1462 seditionis
871 1444 891 1479 ,
933 1419 1047 1482 per
1094 1418 1280 1481 quam
1330 1398 1410 1463 A.
1449 1399 1517 1463 G.
1558 1399 1679 1483 963
1732 1412 1871 1483 post
1913 1401 2152 1464 obitum
2193 1404 2418 1466 Roma-

211 1501 282 1560 ni
314 1502 573 1562 iunioris
626 1502 697 1561 in
740 1497 900 1567 urbe
938 1496 1107 1580 regia
1153 1497 1434 1559 obortam
1458 1544 1477 1577 ,
1528 1498 1910 1581 Nicephorus
1955 1502 2198 1565 Phocas
2239 1507 2427 1588 impe·

213 1602 309 1661 rio
362 1598 599 1683 potitus
652 1609 763 1662 est.
878 1598 1088 1677 Quam
1135 1619 1266 1660 rem
1289 1642 1308 1678 ,
1376 1608 1520 1661 utut
1576 1598 1892 1661 Cunnum
1953 1623 2199 1685 quoque
2254 1604 2426 1668 haud

218 1699 629 1782 perfunctorie
666 1698 1046 1776 narraverit,
1096 1697 1177 1758 ad
1217 1697 1486 1759 hominis
1523 1708 1762 1789 tamen,
1805 1721 1843 1761 a
1882 1722 2005 1784 quo
2051 1714 2236 1787 caput
2271 1703 2429 1766 illud

227 1803 673 1883 nonagesimum
709 1808 951 1859 sextum
981 1796 1322 1879 profectum
1352 1808 1468 1877 est,
1501 1795 1904 1880 diligentiam,
1933 1803 2218 1884 peritiam
2247 1814 2434 1886 atque

226 1899 403 1961 fidem
432 1921 557 1961 non
604 1899 864 1961 accedit.
921 1897 1127 1974 Patet,
1157 1899 1517 1979 scriptorem
1551 1897 1761 1976 rebus„
1804 1921 1997 1982 quum
2046 1914 2431 1984 gererentur,

220 1999 577 2062 inte-fuisse,
663 1999 797 2077 Qui
848 1994 1209 2059 orientalem
1251 1996 1572 2058 historiam
1614 2009 1846 2078 amant,
1884 2005 2189 2084 reperient
2233 2007 2300 2065 in
2332 2024 2432 2065 se-

214 2099 413 2162 cundo
466 2099 799 2162 volumine
855 2107 1262 2159 memoratum
1324 2096 1590 2179 aliquem
1659 2097 2028 2161 Dilemicum
2051 2146 2074 2181 ‚
2137 2102 2427 2165 Emirum

219 2199 476 2262 Amidae
499 2245 523 2279 ,
566 2197 892 2260 hominem
932 2208 998 2260 et
1040 2207 1348 2259 oratorem
1407 2197 1553 2258 Abu
1612 2197 1953 2261 Chamdani
1999 2202 2079 2263 ad
2119 2202 2429 2265 Constan-

220 2304 413 2362 finum
449 2311 746 2362 nostrum
788 2301 1073 2361 missum.
1179 2298 1303 2376 Qui
1353 2296 1499 2359 Abu
1561 2299 1882 2361 Chamdan
1938 2300 2057 2382 (sic
2109 2306 2273 2363 enim
2313 2324 2436 2387 pro

222 2423 391 2465 more
430 2398 696 2464 illorum
738 2411 1093 2484 temporum
1119 2442 1139 2478 ‚
1201 2400 1483 2482 quamvis
1537 2419 1661 2461 non
1704 2402 1849 2462 satis
1895 2412 2060 2464 recte
2086 2447 2106 2481 ,
2165 2423 2280 2487 pro
2319 2405 2437 2467 Ibn

224 2502 543 2564 Chamdan
602 2500 983 2586 appellatur)
1026 2498 1290 2560 fueritne
1340 2498 1845 2561 Naseroddaulah
1867 2545 1888 2582 ,
1936 2524 2016 2563 an
2070 2505 2199 2566 eius
2250 2504 2438 2566 frater

228 2601 695 2684 saifoddaulah,
742 2599 925 2662 ambo
968 2610 1243 2683 potentes
1281 2619 1394 2681 per
1438 2600 1680 2682 Syriam
1709 2610 1891 2684 atque
1929 2604 2438 2685 Mesopotamiam

231 2706 539 2787 principes
556 2748 579 2783 ,
642 2714 707 2764 et
748 2705 813 2764 in
861 2701 1121 2763 historia
1172 2698 1451 2762 orientali
1494 2697 1765 2762 celebres
1787 2745 1807 2781 ,
1865 2702 1930 2762 in
1987 2706 2439 2767 commentariis

240 2806 563 2886 inquiram.
642 2803 740 2865 Ne
782 2801 1019 2865 leviora
1067 2799 1173 2862 illa
1210 2813 1682 2878 commemorem
1715 2846 1734 2879 ,
1791 2802 1859 2862 in
1915 2803 2181 2864 secundo
2231 2803 2391 2866 libro
2413 2850 2436 2884 ‚

242 2904 394 2965 alias
432 2907 595 2965 inter
622 2905 1044 2987 inscriptiones
1088 2901 1431 2963 litterarum
1452 2922 1491 2961 a
1527 2901 1876 2983 Byzantinis
1918 2900 1998 2961 ad
2046 2901 2198 2964 alios
2251 2925 2428 2987 reges

230 3015 671 3086 terrm-umque
736 3003 1019 3065 dominos
1072 3002 1395 3064 missamm
1431 3046 1451 3079 ‚
1523 2997 1740 3061 haberi
1799 3022 2044 3083 quoque
2085 3004 2438 3084 inscriptio·

225 3125 331 3168 na
376 3104 728 3168 litterarum
749 3150 771 3185 ,
822 3103 929 3167 vel
970 3122 1297 3165 aurearum
1340 3100 1654 3163 bullarum
1674 3143 1697 3178 ‚
1745 3110 1816 3160 ut
1877 3098 2299 3182 appellabant,
2350 3101 2432 3163 ad

222 3204 784 3289 Protosymbnlum
828 3204 1255 3290 Agarenorum
1277 3246 1298 3284 ,
1375 3204 1483 3284 qui
1531 3210 1625 3261 est
1687 3198 2068 3283 Bagdadicus
2128 3198 2443 3282 Chalifah‚

225 3307 377 3370 item
453 3306 537 3370 ad
614 3306 831 3369 Indiae
898 3305 1259 3385 dominum3
1357 3304 1548 3388 (quae
1616 3301 1930 3383 inscriptio
1983 3298 2132 3360 mihi
2193 3301 2445 3383 quidem

226 3429 535 3491 perquam
616 3409 777 3468 mira
845 3405 1067 3468 accidit
1104 3428 1123 3466 ε
1206 3425 1335 3467 non
1403 3404 1570 3465 enim
1645 3400 1825 3462 video
1850 3443 1870 3478 ,
1949 3398 2099 3483 quid
2166 3403 2256 3461 rei
2313 3401 2438 3483 By-

226 3512 494 3570 zantinis
548 3508 1026 3598 imperatoribus
1047 3550 1067 3585 ,
1146 3517 1359 3568 nostro
1422 3513 1593 3565 certe
1649 3501 2097 3579 Constantino,
2137 3507 2283 3561 c'um
2339 3502 2444 3562 ln-

228 3608 379 3670 d'me
416 3603 617 3693 rege',
676 3608 745 3670 id
796 3620 889 3671 est
940 3606 1210 3670 Arabiae
1244 3605 1435 3667 felicis
1455 3647 1474 3684 ‚
1516 3612 1589 3664 ut
1629 3623 1742 3686 ego
1800 3600 2082 3683 equidem
2126 3602 2400 3661 existimo
2422 3645 2444 3678 ‚
2562 3664 2565 3668 ,

227 3729 563 3771 commune
588 3710 776 3771 filei-it
808 3709 869 3789 ε)
917 3717 1273 3790 comparent
1303 3703 1535 3765 ibidem
1567 3702 1686 3764 loci
1726 3700 2067 3762 litterarum
2100 3701 2446 3783 inscriptio·

224 3831 345 3871 n&
386 3810 463 3871 ad
506 3809 760 3894 regulos
798 3809 1091 3870 obscuros
1122 3807 1384 3883 Iberiae‚
1430 3802 1754 3882 Albaniae,
1798 3812 1860 3862 et
1901 3798 2243 3882 Abasgiae3
2283 3800 2449 3862 unde

230 3910 317 3970 ad
361 3910 838 3995 geographieam
884 3910 1169 3970 notitiam
1206 3916 1441 3968 tractus
1490 3922 1704 3965 versus
1745 3900 2058 3983 Scythiam
2115 3897 2450 3960 Asiaticam

230 4014 540 4093 vergentis
602 4011 879 4072 accessio
930 4009 1054 4071 fiat.
1123 4007 1548 4069 Memorantur
1580 4021 1828 4085 quoque
1864 4001 2169 4082 principes
2216 3998 2451 4080 aliquot

232 4108 537 4194 Bulgarici
559 4157 584 4193 ‚
644 4131 811 4195 quos
858 4111 930 4169 in
995 4128 1175 4168 omne
1223 4106 1479 4167 historia
1519 4102 1814 4164 hactenus
1873 4100 2099 4161 frustra
2140 4099 2449 4181 requisivi.

237 4209 479 4289 Quaero
506 4215 757 4298 pariter
798 4208 1193 4291 adhucdum,
1240 4207 1495 4290 quinam
1547 4202 1770 4268 suerint
1792 4246 1812 4284 ,
1857 4211 1918 4263 et
1961 4222 2000 4261 a
2044 4222 2170 4284 quo
2220 4198 2300 4260 ad
2333 4218 2447 4260 no-
