3050 4900
526 28 875 120 Λαμβάνει
916 25 951 92 ὅ
990 23 1226 103 εἰδικὰς
1280 18 1404 91 cim)
1446 29 1567 91 τοῦΙ
1605 29 1904 105 κοιτῶνος
1943 30 2174 93 σακκία
2225 25 2533 115 χάραγμα

362 134 718 220 κεντινάρια
778 128 891 195 καί
945 121 1325 211 μιλιαρήσια
1383 127 1612 191 σακκία
1646 122 1807 215 λόγῳ
1846 128 1956 211 τῆς
1994 129 2323 211 βασιλικῆς
2363 120 2536 190 ἔται-

362 242 543 324 ρειάς
597 232 711 299 καὶ
763 231 893 295 τῶν
946 228 1290 312 βασιλικῶν
1352 221 1640 310 ἆγούρων
1699 224 1813 290 καὶ
1864 229 1992 291 τῶν
2031 226 2387 312 σχολαρίων
2425 222 2540 289 καὶ

324 340 495 411 5τῶν
534 327 1023 419 παραμενόντων
1059 326 1148 414 τῷ
1200 329 1459 408 βασιλεῖ’
1489 324 1580 399 εἷς
1617 321 1734 409 τήν
1775 334 1970 413 φῖναν
1990 349 2010 369 ·
2089 324 2311 408 ἱμάτια
2352 326 2418 405 ἐξ
2459 318 2587 410 ἇ-’,Β

362 436 560 519 γορᾶς
600 427 724 497 α’πό
765 431 882 496 τοῦ
923 422 1122 513 φόρου
1167 420 1457 506 δεκάλια,
1532 422 1825 518 ἕννάλια,
1891 422 2183 506 ὄκτάλια,
2253 421 2539 504 ἑπτάλια,

362 528 621 614 ἓξάλια,
705 526 968 615 λωρωτοὶ
1041 519 1369 607 μεταξωτοὶ
1430 522 1811 606 αἶγύπτικα·
1892 518 2165 608 ἀληθινοὶ
2224 520 2534 589 ἕνθάδια·

361 635 560 696 ταῦτα
618 626 820 694 πάντα
864 624 972 690 διὰ
1031 620 1101 689 τὸ
1147 622 1648 688 ἀποστέλλεσθαι
1709 622 1800 699 εἷς
1838 619 2131 699 ἑθνικούς
2171 623 2332 713 λόγῳ
2377 628 2538 702 ξενί-

365 755 486 796 ων.
566 725 793 812 ἱμάτια
844 727 913 802 ἕξ
954 723 1193 811 ἀγοράς
1233 719 1358 787 οἷπό
1404 724 1516 788 τοῦ
1560 718 1790 810 φόρου,
1829 722 2197 810 ἐρ’ῥαμμένα
2239 725 2792 809 &lamo-tamnus

280 826 761 911 jouamoexoira,
804 822 1101 905 δεκάλια,
1143 820 1429 905 ἒννάλια,
1476 816 1735 886 ὅκτάλια
1752 873 1773 905 ,
1814 816 2075 888 ἑπτάλια
2119 820 2234 887 καὶ
2294 819 2533 909 ἑξάλια,

359 924 621 1014 λωρωτά
659 920 992 1009 peragunto?
1037 917 1367 1006 αἶγῦπτικα
1387 971 1409 1004 ,
1452 919 1731 1006 ἀληθινοὶ
1796 916 2063 986 ἐνθάδια
2079 972 2100 1003 ,
2156 921 2533 1010 βαμβακερὰ

360 1020 634 1110 ἀληθινοὶ
680 1023 949 1089 ἐνθάδια
992 1019 1104 1086 καὶ
1138 1016 1445 1107 πράσινα·
1508 1021 1783 1106 ζωστρία
1825 1018 2153 1108 διαφόρων
2188 1024 2388 1102 τιμῶν
2425 1021 2539 1089 καὶ

360 1123 747 1209 ποιοτήτων·
830 1115 1248 1209 σφιγκτούρια
1305 1113 1573 1184 ἑκάστου
1641 1116 1897 1203 ἱματίου
1953 1116 2112 1206 πρὸς
2172 1119 2533 1205 α’ναλογίαν·

360 1219 953 1307 ὁποκαμισοβράκια
999 1217 1332 1305 διαφόρων
1384 1221 1588 1301 τιμῶν
1645 1221 1755 1284 καὶ
1807 1216 2186 1308 ποιοτήτων·
2280 1218 2598 1307 ἐπιρᾜι-(ζ

287 1316 604 1407 ιόπτάρια
645 1316 976 1406 διαφόρων
1018 1320 1222 1399 τιμῶν
1264 1315 1376 1381 καί
1411 1314 1796 1403 ποιοτήτων·
1835 1319 2061 1401 τουβία
2084 1312 2342 1382 ἑκάστου
2384 1316 2537 1400 ἱμα-

357 1420 495 1487 τίου
543 1417 705 1507 πρὸς
746 1411 1121 1502 οἷναλογίαν·
1200 1414 1582 1502 ὑποδήματα
1639 1413 1968 1505 διαφόρων
2007 1421 2209 1499 τιμῶν
2249 1414 2361 1482 καί
2394 1441 2537 1482 ποι-

360 1520 624 1607 οτήτων·
704 1515 952 1600 σάβανα
1003 1519 1166 1598 μετὰ
1213 1517 1342 1579 τῶν
1384 1517 1778 1581 α’κολουθιῶν
1817 1515 2027 1581 αὐτῶν
2069 1520 2321 1601 πρῶτα,
2386 1512 2536 1580 δεύ-

356 1644 507 1705 τερα
551 1620 662 1683 καί
702 1618 906 1705 τρίτα.
985 1616 1194 1682 ἰστέον
1203 1667 1224 1699 ,
1293 1608 1388 1679 ὅτι
1445 1612 1523 1681 τά
1561 1619 1684 1697 μὲν
1721 1615 1986 1699 βλαττία
2044 1612 2125 1680 τά
2171 1638 2239 1679 τε
2281 1608 2533 1701 οἷράφια

358 1721 470 1783 καί
503 1715 585 1782 τὰ
627 1710 998 1804 ἐᾷῥαμμένα
1047 1714 1117 1780 ἐν
1155 1715 1516 1800 σκευαρίοις
1562 1708 1891 1802 ὄφείλουσι
1931 1710 2387 1799 βαστάζεσθαι,
2445 1715 2527 1778 τοὶ

276 1820 435 1885 αοδὲ
477 1813 672 1883 λοιποὶ
716 1810 960 1898 πάντα,
1035 1807 1169 1881 οἷον
1208 1810 1476 1901 λωρωτά
1523 1810 1797 1901 α’ληθινά
1844 1813 2111 1882 &vadosa
2157 1810 2530 1903 ἐρ’ραμμένα

890 2071 992 2112 no
1041 2070 1189 2111 meo
1224 2066 1515 2111 oss-nnn
1552 2070 1693 2111 suar
1726 2069 1877 2109 uon.
1908 2054 1992 2126 46.

498 2192 678 2245 Sumit
719 2190 898 2245 idieus
939 2209 971 2245 e
1022 2200 1253 2248 eoetone
1288 2210 1471 2247 saccos
1504 2194 1776 2265 pecuniae
1828 2193 2111 2264 signatae,
2143 2196 2259 2243 tam
2292 2189 2356 2241 ln
2394 2202 2528 2243 een-

356 2263 615 2328 tenariis,
650 2280 814 2334 quam
850 2264 910 2315 in
945 2265 1291 2329 miliaresiis,
1312 2282 1412 2336 pro
1449 2266 1736 2336 imperiale
1771 2263 2017 2316 hetaeria
2051 2270 2109 2314 et
2143 2259 2525 2332 imperialibus

354 2350 386 2383 a
426 2333 537 2384 uris
575 2342 631 2385 et
665 2333 949 2385 scholariis
988 2336 1128 2388 circa
1164 2338 1555 2407 Imperatorem
1592 2337 1710 2388 eius
1749 2333 2097 2389 custodiendi
2144 2348 2304 2384 causa
2359 2346 2525 2400 agen-

354 2350 542 2472 tfims3
580 2404 712 2456 item
749 2421 958 2475 pannos
996 2422 1027 2458 e
1064 2406 1185 2459 foro
1225 2424 1257 2459 a
1290 2406 1686 2460 mercatoribus
1746 2413 1919 2458 emtos
1973 2405 2188 2469 decem,
2248 2402 2386 2454 alios
2421 2418 2525 2454 no-

349 2491 504 2539 vem,
540 2476 679 2528 alios
717 2486 875 2541 octo,
908 2477 1045 2528 alios
1083 2487 1328 2548 septem,
1364 2479 1505 2531 alios
1543 2495 1640 2530 sex
1676 2479 1930 2530 ulnarum
1953 2515 1969 2540 ‚
2027 2475 2160 2527 loris
2199 2473 2524 2538 distinctos,

345 2554 653 2598 metaxotos
704 2549 829 2615 [seu
879 2549 1166 2614 sericatus,
1216 2550 1276 2601 id
1324 2557 1437 2614 est,
1486 2557 1553 2601 ut
1581 2548 1831 2612 videtur,
1886 2547 1994 2599 filis
2031 2545 2215 2597 sericis
2252 2544 2521 2595 intertex-

344 2626 432 2671 tos
447 2619 493 2685 ,]
532 2618 856 2688 Aegyptios,
893 2636 1198 2689 purpureos
1234 2620 1517 2690 indigenas
1568 2619 1691 2694 [vel'
1724 2620 1834 2683 hic,
1874 2614 2385 2684 Constantinopoli,
2419 2630 2521 2683 pa-

346 2686 535 2760 ratosl.
605 2689 969 2740 Destinantur
1005 2706 1068 2740 ea
1100 2691 1332 2755 exteris,
1383 2691 1586 2762 quibus
1622 2691 1846 2742 nomine
1882 2703 2170 2740 munerum
2206 2686 2518 2737 mittuntur.

344 2759 483 2808 Item
520 2775 730 2827 pannos
766 2775 798 2810 e
832 2759 954 2810 foro
991 2776 1022 2810 a
1070 2762 1461 2815 mercatoribus
1499 2768 1702 2825 emtos,
1757 2761 1867 2811 iam
1900 2764 2152 2813 consutos
2190 2758 2250 2807 in
2285 2755 2520 2807 formam

344 2828 795 2881 vestimentorum
847 2828 1234 2899 gestabilium‚
1280 2831 1368 2883 bis
1421 2835 1611 2897 fissos,
1659 2838 1977 2901 torquatos,
2030 2826 2248 2890 decem,
2283 2842 2519 2892 novem,

350 2906 493 2961 octo,
526 2907 733 2969 septem
771 2910 829 2953 et
862 2918 957 2952 sex
1007 2901 1295 2966 ulnarum,
1329 2903 1539 2955 lorotos
1597 2908 1901 2953 metaxotos
1937 2899 2229 3018 Aegysstios
2279 2905 2336 2949 et
2384 2913 2520 2966 pur-

347 2983 548 3036 puteos
584 2969 894 3039 indigenas.
963 2971 1294 3026 Bambacera
1336 2976 1461 3042 [seu
1498 2974 1824 3027 vestimenta
1884 2987 1914 3023 e
1950 2969 2077 3021 bom
2122 2985 2216 3020 ace
2257 2975 2354 3019 aut
2386 2967 2517 3035 xylo

345 3037 549 3106 ἠπίῃ]
596 3057 902 3109 purpurea,
946 3041 1040 3094 hic
1083 3051 1349 3096 terrarum
1388 3044 1666 3109 confecta,
1722 3050 1780 3095 ct
1830 3041 2065 3113 prasina.
2158 3038 2389 3106 Cingula
2430 3036 2521 3088 ‹li-

345 3107 491 3190 versi
538 3110 702 3176 pretii
750 3120 806 3162 et
856 3114 1155 3184 qualitatis.
1229 3113 1581 3184 Sphincturia
1616 3115 1704 3166 vel
1738 3113 2008 3165 strictoria
2045 3129 2145 3183 pro
2178 3122 2519 3192 unoquoque

342 3185 671 3231 vestimento
699 3180 851 3246 talia,
884 3185 1069 3256 qualia
1104 3186 1427 3257 unumquod
1468 3202 1537 3237 ue
1578 3186 1807 3252 decent3
1854 3183 2079 3236 braccae
2127 3182 2326 3234 diversi
2350 3177 2524 3248 pretii

346 3256 406 3299 et
442 3248 743 3317 qualitatis.
816 3253 1132 3323 Scapularia
1166 3273 1388 3327 quoque
1463 3258 1637 3308 iversa
1676 3256 1886 3308 ratione
1921 3255 2089 3326 pretii
2127 3260 2184 3304 et
2219 3250 2515 3311 materiae,

342 3317 563 3370 tibialia
587 3336 687 3389 pro
711 3321 939 3392 singulis
956 3328 1315 3390 vestimentis,
1337 3328 1640 3398 unicuique
1652 3326 1803 3396 paria
1826 3334 1881 3377 et
1897 3334 2054 3396 apta3
2079 3323 2285 3375 calceos
2311 3318 2514 3372 diversi

343 3391 515 3460 pretii
544 3397 600 3441 et
617 3391 929 3462 qualitatis;
974 3396 1175 3449 sabana
1205 3415 1328 3449 cum
1361 3396 1636 3450 adiunctis
1665 3397 1801 3449 illuc
1830 3392 2235 3467 pertinentibus
2261 3431 2276 3458 ,
2313 3390 2514 3459 primi,

346 3460 576 3512 secundi
613 3469 671 3512 et
718 3464 869 3513 tertii
895 3465 1118 3520 ordinis.
1158 3467 1449 3539 Quidquid
1485 3477 1572 3519 est
1591 3470 1880 3524 blatteum.
1916 3467 2029 3517 sive
2065 3465 2140 3515 sit
2161 3477 2274 3515 non
2311 3477 2514 3514 consu-

344 3537 482 3595 tum,
514 3532 628 3582 sive
652 3541 956 3599 consutum,
989 3536 1157 3589 debet
1191 3539 1249 3590 in
1291 3541 1433 3590 vasis
1467 3540 1558 3591 vel
1594 3541 1744 3592 cistis
1783 3537 2000 3590 deferri.
2038 3535 2268 3605 Reliqua
2291 3534 2475 3584 omnia
2495 3569 2511 3595 ,

343 3609 408 3654 ut
431 3602 611 3656 lorota
636 3617 920 3675 purpurea
954 3605 1046 3660 bic
1083 3617 1292 3679 parata,
1315 3618 1427 3663 tum
1451 3621 1696 3675 consuta,
1717 3627 1876 3683 quam
1905 3625 2017 3663 non
2034 3613 2279 3670 consuta,
2308 3599 2514 3656 debent
