3050 4900
570 268 620 326 2
641 236 742 342 14
974 260 1515 333 consrfflrm
1570 263 2310 335 maravanorum

562 413 871 504 τρικλίνῳ,
912 413 973 480 οἶ
1006 413 1356 503 σπαθάριοι
1386 410 1542 498 μετὰ
1575 414 1903 499 διστράλια
1942 417 2369 503 &maedewan
2409 418 2482 487 τὸ
2510 421 2582 487 δὲ
2612 414 2733 508 ἅρ-

560 541 656 599 μα
700 508 812 579 οὖκ
854 513 1223 579 ἀκολουθεῖ·
1304 515 1369 578 εἰ
1400 515 1472 578 δὲ
1517 514 1629 580 ἐπὶ
1665 516 1790 579 τῶν
1828 511 1914 579 ιθ’
1959 515 2312 598 οἷκουβίτων
2331 568 2352 598 ,
2423 522 2540 586 οὔκ
2584 519 2734 604 ὄψι-

560 611 852 679 κεῦουσιν
908 611 969 677 οἶ
1004 612 1357 697 σπαθάριοι
1401 609 1473 676 τὸ
1514 610 1806 678 σύνολον.
1887 610 1956 678 αἱ
1998 614 2069 678 δὲ
2105 619 2546 699 συγκλητικαὶ,
2610 614 2730 707 (ἔφ’

558 704 637 777 οὗ
674 715 935 799 εἰσέλθῃ
973 707 1014 798 ἦ
1058 711 1373 795 αὖγούστα
1419 704 1546 776 cino
1591 713 1705 776 τοῦ
1741 710 2182 798 τριβουναλίου
2222 714 2313 790 εἰς
2350 712 2457 780 τὸν
2494 715 2728 800 αὔγου-

554 815 741 895 στέα,
796 809 1185 901 εἰσέρχονται
1220 808 1332 876 καὶ
1367 810 1438 877 αἱ
1481 819 1769 894 γυναῖκες
1820 807 1928 875 διὰ
1971 813 2088 875 τοῦ
2128 814 2441 898 τρικλίνου
2476 816 2604 881 τῶν
2642 812 2767 888 ιθἘ

261 931 432 999 1341..
456 908 906 993 ησᾶκουβίτων
948 907 1057 974 διὰ
1098 912 1206 995 τῆς
1249 909 1498 976 εἰσόδου
1534 913 1649 975 τοῦ
1678 911 2009 992 βασιλικοῦ
2050 910 2389 994 άκουβίτου
2406 963 2427 994 ,
2490 916 2602 978 καί
2647 913 2727 978 οἷ-

550 1014 892 1097 πέρχονται
929 1011 1020 1086 εἰς
1057 1005 1167 1073 τόν
1208 1007 1482 1094 πόρτηκα
1533 1011 1653 1075 τοῦ
1694 1007 2107 1093 αὕγουστὲως,
2138 1006 2295 1075 ἔιθα
2337 1012 2649 1097 κρέμαται
2684 1010 2727 1096 ἧ

552 1110 825 1197 κορτίνα.
908 1111 1020 1173 καί
1052 1102 1154 1173 ὅτε
1201 1110 1430 1199 διέλθῃ
1468 1105 1539 1174 τὸ
1587 1106 1973 1195 στεφάνωμα
2011 1110 2101 1184 εἰς
2136 1106 2253 1194 τὴν
2291 1112 2544 1197 χρυσῆν
2586 1121 2728 1194 χεῖ-

476 1260 485 1269 .
551 1234 672 1296 ρα,
718 1209 1117 1294 εἰσέρχονται
1158 1205 1226 1273 αἱ
1266 1210 1592 1301 πατρίκιοιι
1629 1206 1743 1272 καὶ
1786 1204 1855 1273 αἶ
1897 1211 2113 1273 λοιπαί
2150 1200 2412 1274 ὄπισθεν
2449 1212 2561 1294 τῆς
2599 1209 2720 1275 αὕ-

546 1304 817 1394 γούστης
851 1311 1049 1394 μέχρι
1090 1309 1202 1395 τῆς
1238 1307 1561 1395 γεφύρας,
1601 1305 1712 1371 καί
1745 1304 1813 1372 αἶ
1841 1312 2375 1393 κλητωρευθεῖσαι
2407 1303 2804 1393 άπὲρχον-ιο

547 1431 658 1471 ται
701 1405 811 1472 ἐπὶ
840 1404 950 1472 τὸν
988 1405 1248 1491 κοχλιάν
1279 1410 1394 1493 τῆς
1435 1406 1618 1491 ἁγίας
1661 1407 2020 1492 Χριστίνης,
2064 1409 2174 1472 καί
2203 1404 2274 1471 αἱ
2309 1409 2530 1473 λοιπαὶ
2555 1401 2718 1474 οἶνοι-

546 1510 887 1593 χωροῦσιν.
967 1505 1096 1592 χρὴ
1147 1509 1216 1572 δὲ
1255 1508 1509 1590 εἰδέναι,
1555 1502 1659 1572 ὅτι
1697 1502 1774 1572 οὗ
1810 1509 2119 1594 φοροῦσιν
2154 1505 2224 1571 αἱ
2259 1507 2586 1592 πατρίκιαι
2623 1508 2717 1586 εἰς

544 1604 616 1673 τὸ
684 1607 1074 1693 στεφάνωμα
1135 1610 1250 1693 τῆς
1310 1606 1668 1693 αὖγούστης
1731 1603 2119 1699 προπόλωμα
2142 1653 2160 1671 .
2239 1602 2369 1695 χρὴ
2423 1608 2495 1671 δὲ
2529 1604 2717 1690 γινώ-

543 1728 731 1788 σκειν,
770 1700 867 1770 ὅτι
904 1704 1101 1792 ὁρίζει
1131 1704 1165 1772 ὅ
1209 1706 1510 1790 βασιλεῦς
1554 1709 1624 1773 ἐκ
1659 1702 1772 1783 τάς
1804 1707 2161 1792 πατρικίας,
2194 1706 2333 1782 οἵας
2372 1704 2565 1788 θέλει,
2607 1705 2713 1771 ἵνα

541 1806 914 1875 εἰσέλθωσιν
959 1809 1052 1884 εἰς
1092 1803 1198 1873 τὸν
1245 1802 1600 1891 αὖγουστέα
1642 1805 1749 1872 διὰ
1792 1808 1911 1872 τοῦ
1951 1802 2342 1888 ὄκταγώνου,
2389 1807 2499 1870 καί
2530 1803 2797 1885 ἴδωσιι5

541 1900 615 1967 τὸ
650 1906 960 1988 στέψιμον
1007 1910 1118 1992 τῆς
1154 1903 1541 1992 αὕγοῦστης.
1622 1902 1856 1990 ὅμοίως
1910 1908 2023 1972 καί
2079 1908 2171 1980 εἰς
2211 1901 2284 1970 τὸ
2327 1904 2714 1991 στεφάνωμα

480 2021 522 2083 Β
543 2001 741 2088 ὅρίζει
782 2002 815 2067 ὅ
860 2003 1193 2088 βασιλευς,
1251 2007 1358 2070 ἵνα
1396 2007 1649 2094 εἰσέλθῃ
1699 2003 1736 2070 ὅ
1769 2005 2228 2093 παράνυμφος,
2284 2001 2397 2068 καὶ
2423 2004 2712 2088 πατρικί-

546 2126 671 2183 ους,
725 2098 836 2179 οῧς
869 2103 1127 2187 κελεύει,
1179 2108 1291 2170 καί
1317 2101 1420 2170 ὅτε
1463 2109 1769 2193 πληρωθῇ
1796 2103 1865 2170 τὸ
1896 2102 2298 2191 στεφάνωμα,
2344 2103 2708 2188 ἐξέρχονται

541 2199 603 2267 οἱ
642 2202 835 2267 αὐτοὶ
871 2202 1192 2291 πατρίκιοι
1228 2202 1341 2270 καὶ
1370 2207 1663 2271 ἵστανται
1708 2206 1800 2281 εἰς
1836 2203 1983 2283 τοὺς
2032 2203 2511 2281 τόπουςαῦτῶν
2545 2197 2704 2284 μετά

539 2304 654 2367 καί
690 2299 837 2378 τούς
871 2300 1126 2381 λοιποῦς
1164 2304 1559 2390 πατρικίους.
1659 2308 1824 2396 (Ζ.)
1894 2305 2044 2392 Χρὴ
2081 2307 2151 2371 δὲ
2192 2302 2538 2388 γινώσκειν,
2605 2296 2790 2379 ὅτιῃο

537 2403 614 2489 τῇ
655 2405 828 2492 τρίτῃ
870 2405 987 2469 τοῦ
1036 2407 1333 2491 λουτροῦ,
1415 2398 1586 2482 ὅπως
1630 2399 1865 2493 ὀφείλει
1905 2408 2200 2490 γενέσθαι
2249 2402 2288 2489 ἦ
2342 2399 2706 2484 ἀκολουθία,

287 2526 385 2578 Ma.
398 2542 482 2599 97.
503 2504 797 2579 aforoe‘cm
834 2499 905 2567 τὸ
940 2506 1133 2588 μέρος
1160 2505 1289 2568 τῶν
1311 2508 1598 2570 Βενέτων
1634 2506 1725 2581 εἰς
1755 2504 1867 2569 ‘niv
1914 2503 2116 2585 δεξιόν
2145 2502 2406 2586 ἔμβολον
2440 2503 2550 2586 τῆς
2574 2526 2704 2582 μα-

535 2601 798 2692 ναόρας,
829 2597 900 2680 ὅς
939 2605 1114 2670 ἐστιν
1144 2600 1185 2689 ἧ
1215 2603 1378 2689 πύλη
1414 2608 1529 2669 τοῦ
1566 2599 1976 2690 αὔγουστέως,
2027 2602 2105 2670 τά
2144 2601 2259 2670 ἴσα
2300 2604 2413 2668 τοῦ
2457 2600 2704 2681 πίνσου,

676 2774 725 2810 a.
761 2756 875 2811 τῶν
914 2754 968 2809 θ’
999 2754 1085 2808 ed.
1299 2758 1378 2827 14.
1414 2758 1514 2811 Pro
1543 2753 1661 2821 ὅτι,
1699 2755 1849 2828 quod
1885 2758 1942 2808 R.
1971 2755 2234 2819 inseruit,
2272 2753 2391 2807 cod.
2423 2763 2480 2807 et
2503 2754 2587 2806 ed.
2630 2769 2696 2806 ex

668 2825 1123 2896 praecedentibus
1158 2842 1445 2898 perperam
1467 2835 1747 2896 repetunt:
1783 2829 1863 2886 εἰς
1885 2826 1948 2880 td
1972 2828 2268 2898 φοροῦσιν
2297 2826 2359 2877 αἱ
2385 2830 2697 2904 muretum.

673 2898 757 2952 23.
794 2899 894 2952 Pro
933 2894 999 2957 ὅς
1032 2896 1150 2949 cod.
1194 2899 1301 2964 ὥς,
1336 2897 1482 2951 unde
1514 2901 1572 2951 R.
1599 2898 1740 2952 coni.
1776 2895 1851 2956 dc
1884 2898 1942 2957 ἐς
1967 2888 2073 2965 τὴν
2096 2897 2299 2962 πύλην.

533 3040 831 3111 spatharios
874 3041 1139 3096 dextralia
1179 3044 1432 3098 manibus
1474 3044 1708 3097 ferentes
1746 3045 2012 3109 comitari,
2050 3062 2195 3098 arma
2233 3061 2360 3097 vero
2393 3060 2503 3096 non
2538 3042 2693 3111 sequi

534 3114 735 3166 solere:
813 3116 858 3168 si
893 3131 1019 3166 vero
1061 3114 1129 3166 ad
1171 3116 1291 3168 XIX
1327 3113 1606 3167 accubitus
1643 3115 1835 3179 abeat,
1890 3116 2188 3185 spatharios
2227 3132 2344 3167 eam
2385 3115 2546 3182 plane
2581 3129 2692 3163 uon

534 3183 798 3243 comitari,
868 3184 1023 3253 Quae
1058 3193 1345 3257 postquam
1383 3203 1413 3237 a
1448 3187 1712 3238 tribunali
1748 3188 1809 3237 in
1844 3195 2158 3255 augusteum
2195 3187 2425 3254 ingressa
2461 3190 2566 3245 εει,
2602 3196 2691 3231 εε-

532 3260 781 3304 natorum
828 3271 1019 3307 uxores
1071 3273 1168 3324 per
1216 3255 1515 3307 triclinium
1567 3257 1686 3308 XIX
1737 3257 2083 3309 accubituum
2125 3273 2220 3325 per
2255 3255 2536 3306 introitum
2586 3251 2691 3301 im·-

529 3324 793 3391 peratorii
847 3326 1129 3378 accubitus
1178 3328 1418 3388 intrant,
1475 3333 1534 3378 et
1583 3326 1654 3379 ad
1707 3327 1979 3396 porticum
2017 3326 2291 3396 augustei,
2345 3323 2440 3377 ubi
2479 3321 2690 3382 cortina

530 3408 788 3462 suspensa
831 3402 947 3456 est,
982 3395 1199 3448 abeunt.
1272 3396 1411 3449 Cum
1448 3397 1727 3449 coronatio
1780 3398 1840 3448 in
1875 3414 2037 3450 aurea
2079 3413 2237 3448 manu
2276 3401 2390 3446 acta
2426 3401 2538 3455 est,
2589 3407 2690 3460 pa·

529 3463 722 3514 triciae
757 3480 820 3514 ac
855 3473 1063 3517 ceterae
1099 3474 1224 3534 post
1259 3468 1429 3535 ipsam
1471 3484 1646 3538 usque
1681 3464 1750 3519 ad
1785 3477 2007 3537 pontem
2030 3504 2046 3529 ,
2079 3465 2149 3518 ad
2183 3465 2484 3517 convivium
2521 3478 2686 3514 voca-

527 3540 619 3584 tae
678 3548 848 3604 usque
903 3534 970 3587 ad
1040 3535 1317 3588 cochleam
1370 3537 1422 3588 S.
1470 3535 1776 3590 christinae
1811 3538 2046 3600 abeunt,
2083 3537 2326 3605 reliquae
2371 3531 2682 3592 discedunt.

526 3599 838 3654 Notandum
877 3623 1094 3677 quoquc
1133 3615 1233 3665 est,
1268 3608 1523 3676 patricias
1563 3609 1621 3659 in
1658 3609 2006 3661 coronatione
2040 3606 2311 3676 Augustae
2346 3604 2687 3674 propoloma,

527 3671 698 3742 (qnod
734 3675 923 3742 capitis
962 3684 1331 3747 tegumentum
1375 3678 1515 3741 est‚)
1546 3696 1656 3730 uon
1692 3687 1915 3747 gestare.
1998 3678 2158 3730 Porro
2196 3675 2500 3747 Imperator
2533 3671 2686 3727 ordi-

526 3745 703 3794 narias
737 3747 987 3813 patricias
1009 3786 1024 3810 ‚
1075 3763 1207 3816 quas
1243 3748 1386 3809 vult,
1442 3747 1637 3817 deligit
1659 3786 1673 3809 ‚
1711 3756 1805 3808 ut,
1844 3751 1899 3800 iu
1936 3755 2250 3817 augusteum
2291 3764 2389 3816 per
2423 3753 2684 3814 octangu-

522 3812 636 3866 lum
674 3814 958 3884 ingressae,
1000 3818 1271 3887 Augustae
1309 3821 1716 3871 coronationem
1751 3818 1986 3870 videant.
2027 3820 2116 3870 Sic
2154 3818 2320 3870 etiam
2362 3814 2432 3867 ad
2467 3816 2688 3883 nuptias

525 3882 769 3947 ordinat,
823 3894 884 3938 ut
931 3888 1325 3958 paranymphus
1375 3897 1430 3940 et
1480 3889 1739 3957 patricii,
1776 3904 2129 3960 quoscunque
2180 3887 2332 3949 vuit,
2380 3885 2682 3947 accedant,

524 3955 655 4022 qui,
689 3958 917 4022 peractis
953 3960 1190 4025 nuptiis,
1228 3975 1406 4010 rursus
1444 3958 1793 4029 egrediuntur
1831 3966 1886 4011 et
1915 3974 2037 4012 cum
2071 3958 2299 4030 reliquis
2333 3958 2391 4009 in
2428 3957 2537 4008 suis
2573 3961 2683 4006 sta·

519 4023 766 4084 tionibus
803 4030 1123 4085 consistunt.
1192 4028 1355 4100 (VII.)
1392 4030 1495 4082 Die
1533 4029 1696 4082 tertia
1727 4030 1948 4092 lavacri,
1981 4029 2198 4102 quando
2225 4027 2517 4081 cerimonia
2551 4041 2680 4094 per-

519 4096 603 4160 agi
661 4093 859 4157 debet,
907 4098 1074 4150 factio
1107 4097 1317 4151 Veneta
1352 4099 1409 4151 in
1464 4098 1649 4153 dextra
1689 4100 1903 4168 porticu
1944 4117 2029 4155 ma
2106 4115 2296 4161 aurae,
2393 4113 2492 4148 uae
2527 4101 2681 4163 porta

522 4166 770 4236 augustei
820 4175 931 4234 est,
979 4167 1040 4222 in
1077 4168 1304 4223 modum
1352 4169 1499 4239 pilae
1540 4170 1794 4237 maioris,
1848 4118 2102 4228 Prasiniu
2105 4170 2164 4225 in
2199 4185 2368 4240 oppos
2395 4176 2451 4221 to
2507 4166 2680 4217 latere
