3050 4900
619 347 730 411 DE
791 342 1188 410 naamon.
1248 342 1521 408 AULAE
1575 338 1915 409 aYzANT.
1972 349 2054 410 n.
2106 351 2187 419 15
2310 316 2479 433 579

296 497 445 588 ἔστη
484 497 667 567 ἔνθεν
707 502 1003 566 κάκεῖθεν
1042 499 1085 584 ἦ
1123 500 1238 564 τοῢ
1292 498 1710 585 δρουγγαρίου
1765 500 1890 565 τῶν
1945 502 2225 581 πλοΐμων
2289 493 2536 570 οὖσίαι)

297 604 412 669 καί
442 597 480 665 ὃ
523 604 726 686 μέγας
766 600 1149 686 πάμφυλος,
1214 595 1634 680 βαστάζοντες
1676 594 1912 685 δόρκας
1972 596 2085 663 καί
2117 596 2197 665 τά
2238 594 2488 663 ἑαυτῶν

300 704 650 790 φοροῦντες
690 698 976 765 σπαθία.
1061 699 1130 762 ἐν
1172 698 1243 763 δὲ
1280 697 1358 785 τῇ
1398 695 1616 786 πρῶτῃ
1673 700 1879 785 σχολῇ
1918 700 2028 763 καί
2068 698 2157 786 τῷ
2196 697 2489 786 τρικλίνῳ

294 804 423 868 τῶν
484 801 862 883 ἕξκουβίτων
918 802 1038 874 ἕως
1089 797 1206 863 τοῦ
1265 795 1460 860 αὐτοῦ
1515 799 1951 882 τριβουναλίου
1996 796 2267 883 ἔστησαν
2307 792 2492 862 ἔνθεν

257 893 592 966 Ξκάκεῖθεν
635 898 705 964 αῖ
745 897 959 963 οὕσίαι
996 898 1123 962 τῶν
1163 890 1565 982 παμφύλων,
1636 892 2053 978 βαστάζοντες
2093 896 2326 983 δόρκας
2382 899 2497 962 καί

297 999 376 1066 τὰ
417 994 674 1063 ἑαυτῶν
714 999 1055 1086 φοροῦντες
1076 996 1375 1060 σπαθία.
1461 990 1521 1059 οἶ
1570 995 1643 1060 δὲ
1705 988 2013 1081 ἄρχοντες
2047 999 2170 1063 τῶν
2212 997 2494 1080 πλοΐμων

302 1096 576 1182 ἔστησαν
616 1093 730 1161 καί
770 1096 958 1160 αὐτοὶ
999 1089 1185 1159 ἔνθεν
1222 1093 1534 1176 κάκεῖθεν,
1578 1095 1838 1171 ἕκαστος
1873 1095 1965 1172 εἰς
2004 1092 2123 1179 τήν
2161 1094 2338 1160 ἰδίαν
2380 1094 2497 1159 ου’-

305 1196 494 1268 σίαν.
577 1195 648 1262 ἓν
695 1196 767 1260 δὲ
803 1198 891 1282 τῷ
929 1194 1345 1283 τριβουναλίῳ
1401 1190 1554 1278 ἔστη
1609 1190 1796 1259 ἔνθεν
1836 1188 2130 1260 κάκεῖθεν
2168 1192 2208 1281 ἦ
2251 1202 2492 1261 πολιτι-
2507 1211 2666 1270 1341..
2684 1210 2789 1270 335

310 1291 388 1379 κὴ
429 1292 594 1376 μετὰ
634 1297 763 1360 τῶν
805 1294 1230 1378 συστημάτων
1270 1295 1383 1356 καί
1419 1294 1547 1357 τῶν
1583 1291 1768 1357 ἰδίων
1810 1290 2154 1378 ἀρχόντων,
2225 1292 2505 1382 φορούν-

229 1410 439 1460 ιοτων
477 1394 602 1458 τῶν
639 1396 760 1475 μὲν
813 1386 1143 1477 ἀρχόντων
1196 1387 1279 1455 τά
1334 1393 1404 1470 ἓξ
1450 1392 1757 1475 χλανίδια
1812 1395 1940 1457 τῶν
1995 1396 2365 1478 σεκρετικῶν
2420 1391 2500 1460 τά

304 1491 669 1574 πλατῶνια,
743 1487 804 1555 οἶ
845 1492 917 1555 δὲ
957 1492 1173 1554 λοιποί
1208 1487 1439 1566 πάντες
1493 1486 1575 1554 τά
1616 1486 1811 1554 λευκά
1849 1492 2154 1574 χλανίδια
2207 1495 2334 1557 τῶν
2388 1518 2508 1559 τα-

302 1593 661 1678 γματικῶν.
739 1588 856 1655 καί
916 1579 1181 1655 ὄπισθεν
1224 1588 1451 1653 αὐτῶν
1489 1586 1752 1671 πλόϊμοι
1789 1585 2214 1672 βαστάζοντες
2253 1587 2505 1679 δόρκας,

311 1694 648 1779 φοροῦντες
687 1692 799 1755 καί
834 1686 911 1755 τά
954 1685 1205 1753 ἑαυτῶν
1245 1685 1492 1753 σπαθία
1518 1732 1540 1753 .
1622 1689 1713 1766 εἰς
1756 1689 1829 1753 δὲ
1867 1685 1978 1755 τὸν
2018 1693 2333 1777 τρίκλινον
2376 1695 2507 1759 τῶν

308 1791 559 1874 σχολῶν
597 1787 784 1856 ἔνθεν
825 1788 1121 1852 κάκεῖθεν
1167 1784 1445 1873 ἔστησαν
1483 1783 1744 1870 πλόϊμοι
1784 1786 2210 1871 βαστάζοντες
2250 1789 2505 1877 δόρκας,

236 1892 657 1978 ιδφοροῦντες
709 1885 823 1952 καὶ
874 1886 955 1953 τοὶ
1015 1883 1266 1951 ἑαυτῶν
1328 1885 1618 1953 cna-9122.
1701 1883 1942 1953 ἔσωθεν
2006 1890 2080 1954 δὲ
2116 1893 2227 1974 τῆς
2261 1896 2510 1977 χαλκῆς

319 1985 522 2074 πύλης
560 1984 828 2073 ἔστησαν
865 1983 1049 2051 ἔνθεν
1088 1985 1379 2051 κάκεῖθεν
1420 1983 1481 2050 οἶ
1533 1982 1928 2068 Τουλμάτζοι
1978 1984 2140 2070 μετὰ
2211 1990 2510 2075 φλαμού-

316 2094 475 2169 λων,
532 2082 951 2170 βαστάζοντες
993 2081 1261 2171 δόρκας,
1324 2088 1667 2171 φοροῦντες
1705 2083 1785 2152 τά
1828 2080 2070 2152 ἑαυτῶν
2107 2091 2358 2154 σπαθία
2395 2086 2513 2154 καί

315 2184 785 2275 τοξοφάρετρα.
868 2182 1108 2263 ἔξωθεν
1149 2185 1222 2250 δὲ
1263 2185 1380 2248 τοῦ
1414 2188 1760 2269 καγκέλλου
1802 2188 1916 2269 τῆς
1954 2189 2195 2271 χαλκῆς
2234 2184 2562 2273 ἔστησανΒ

319 2284 640 2367 πάχωμα,
699 2280 760 2349 οἱ
811 2286 934 2366 μὲν
974 2281 1133 2369 πρὸς
1171 2280 1245 2347 τὸ
1286 2283 1651 2368 μέρος“τῶν
1691 2287 2061 2371 νουμέρων,
2133 2283 2194 2350 οἱ
2235 2286 2307 2351 δὲ
2346 2284 2510 2372 πρὸς

234 2380 433 2470 αοτῆν
471 2379 767 2469 καμάραν
812 2385 933 2446 τοῦ
968 2383 1209 2466 μιλίου.
1308 2380 1369 2446 οἱ
1409 2384 1622 2447 λοιποὶ
1655 2380 1915 2465 πλόϊμοι
1957 2382 2070 2447 καὶ
2110 2381 2172 2449 οἱ
2217 2385 2515 2472 περισσοί

321 2485 450 2547 τῶν
497 2479 910 2564 Ταλματζίων
955 2483 1069 2545 καί
1117 2476 1179 2545 οἱ
1233 2483 1653 2565 βαπτισμένοι
1698 2480 1855 2558 Ῥῶς
1891 2481 2054 2564 μετὰ
2099 2480 2510 2569 φλαμούλων,

320 2580 745 2668 βαστάζοντες
794 2575 1141 2667 σκουτάρια
1163 2626 1187 2667 ,
1260 2583 1607 2667 φοροῦντες
1660 2578 1777 2647 καὶ
1832 2578 1925 2648 vc?
1954 2574 2201 2649 ἑαυτῶν
2240 2582 2511 2650 σπαθία.

329 2843 393 2890 et
427 2834 586 2889 illinc
632 2834 912 2906 drungarii
949 2835 1281 2905 plo’imorum
1324 2850 1423 2888 seu
1481 2833 1887 2888 classiariorum
1943 2835 2066 2888 usia
2106 2832 2216 2907 [vel
2250 2833 2511 2908 familia1,

329 2915 392 2959 et
423 2923 648 2975 maguus
683 2906 1007 2977 pamphylus
1045 2922 1142 2960 seu
1182 2907 1492 2977 praefectus
1534 2903 1954 2976 pamphylorum
2006 2904 2087 2977 [id
2134 2913 2219 2957 cst
2263 2908 2509 2959 militum

328 2978 659 3050 navalium1,
710 2986 981 3046 gestantes
1036 2976 1224 3030 dorcas
1275 2975 1392 3048 [scu
1445 2986 1598 3029 scuta
1648 2973 1912 3048 coriacea]
1965 2985 2023 3029 et
2084 2976 2299 3046 spathas
2361 2993 2505 3030 suas.

330 3050 398 3101 In
433 3049 608 3118 prima
647 3046 834 3100 schola
872 3056 931 3100 et
965 3049 1026 3101 in
1071 3049 1316 3101 triclinio
1354 3047 1738 3102 excubitorum
1774 3062 1948 3116 usque
1988 3044 2064 3098 ad
2102 3047 2348 3099 tribunal
2384 3056 2507 3100 sta·

330 3119 471 3172 hant
505 3117 637 3171 hinc
675 3126 736 3170 et
773 3118 932 3171 illinc
965 3119 1210 3172 familiae
1245 3117 1664 3188 pamphylorum
1686 3154 1702 3180 ,
1753 3124 2026 3187 gestantes
2063 3115 2252 3169 dorcas
2296 3124 2353 3169 et
2379 3134 2509 3188 spa-

329 3189 456 3244 thas
488 3206 629 3242 suas.
700 3189 1042 3260 Magistratus
1077 3190 1406 3260 plo'i'morum
1442 3205 1539 3240 seu
1578 3188 1997 3254 classiariorum„
2023 3188 2239 3239 stabant
2280 3186 2414 3240 hinc
2448 3194 2508 3241 et

331 3262 527 3325 illinc,
562 3260 799 3331 quisque
837 3276 1008 3329 penes
1041 3261 1304 3312 familiam
1341 3266 1398 3311 et
1441 3259 1719 3312 cohortem
1756 3274 1926 3311 suam.
1998 3257 2059 3311 ln
2091 3256 2356 3311 tribunali
2391 3266 2507 3310 sta·-

333 3331 430 3385 bat
462 3331 604 3383 hinc
631 3339 686 3383 et
721 3331 878 3383 illinc
911 3332 1141 3401 politice
1176 3347 1275 3383 seu
1309 3346 1504 3400 corpus
1556 3346 1641 3381 ma
1681 3330 1901 3382 istratus
1939 3328 2138 3381 urbani
2174 3346 2298 3381 cum
2331 3337 2509 3395 syste-

333 3400 575 3456 matibus
621 3418 720 3454 seu
790 3401 1109 3471 corporibus
1164 3402 1517 3470 collegiorum
1582 3418 1646 3452 ur
1685 3416 1913 3453 anorum
1965 3407 2027 3453 et
2076 3398 2510 3469 uniuscuiusque

335 3473 554 3541 collegii
590 3470 894 3541 praefectis3
935 3489 1167 3543 quorum
1203 3470 1263 3524 hi
1300 3470 1527 3542 quidem
1563 3486 1659 3523 sex
1697 3471 1911 3523 tunicas
1946 3475 2350 3535 aeci-eticorum,
2385 3472 2512 3540 pla-

334 3543 492 3594 tonia
531 3541 726 3606 dictas,
755 3544 924 3596 ceteri
960 3560 1148 3595 omnes
1186 3540 1443 3594 candidas
1481 3541 1892 3611 tagmaticorum
1928 3542 2144 3594 tunicas
2201 3541 2507 3612 gestabant.

339 3612 468 3664 Post
501 3628 594 3664 eos
628 3614 845 3666 stabant
876 3614 1070 3684 plo'imi
1102 3613 1189 3665 vel
1223 3620 1444 3675 nautae,
1482 3619 1751 3683 gestantes
1793 3610 1982 3664 dorcas
2018 3622 2076 3665 et
2110 3613 2332 3683 spathas
2368 3628 2511 3663 suas.

340 3683 409 3735 In
442 3683 685 3735 triclinio
737 3684 1044 3737 scholarum
1088 3683 1308 3737 stabant
1352 3683 1421 3738 ab
1473 3692 1704 3753 utraque
1757 3681 1914 3752 parte
1956 3682 2182 3752 plo‘imi‚
2239 3691 2513 3754 gestantes

343 3752 534 3805 dorcas
576 3761 634 3804 et
682 3754 900 3822 spathas
944 3772 1084 3808 suas.
1161 3756 1307 3806 Intra
1356 3751 1581 3806 chalcen
1633 3770 1729 3806 seu
1762 3761 1977 3823 portam
2025 3770 2251 3807 aeneam
2294 3753 2517 3808 stabant

346 3821 482 3875 hinc
518 3830 574 3874 et
606 3823 762 3876 illinc
823 3826 1136 3879 Tulmatzae
1176 3824 1282 3898 [vel
1317 3822 1637 3877 Dolbatschi
1673 3831 1770 3876 aut
1800 3824 2108 3898 Dalmatae]
2144 3842 2265 3879 cum
2299 3824 2518 3878 flamal-

347 3891 439 3957 lis,
477 3901 747 3964 gestantes
788 3893 976 3950 dorcas
1011 3905 1070 3950 et
1102 3895 1319 3966 spathas
1342 3902 1399 3947 et
1429 3892 1707 3964 pharetras
1743 3909 1867 3947 cum
1901 3896 2128 3964 sagittis,
2195 3897 2360 3949 Extra
2388 3911 2521 3948 can-

346 3965 550 4016 cellum
585 3962 796 4018 chalces
833 3968 923 4019 vel
972 3983 1173 4020 aeneae
1222 3975 1414 4037 portae
1460 3964 1644 4018 stabat
1691 3965 1987 4033 pachoma,
2059 3964 2159 4037 [id
2224 3975 2308 4020 est
2360 3968 2521 4019 turba

346 4035 630 4099 miscella,
675 4045 739 4089 ut
779 4036 1046 4110 videtui-‚l
1081 4054 1204 4108 pars
1253 4039 1314 4089 iu
1362 4044 1539 4088 tractu
1594 4050 1779 4088 versus
1820 4051 2113 4106 numeres,
2164 4055 2286 4107 pars
2336 4055 2523 4092 versus

348 4122 615 4159 camaram
651 4114 748 4159 aut
780 4107 1046 4162 fornicem
1079 4109 1243 4173 milii,
1279 4108 1482 4178 reliqui
1525 4123 1724 4176 nempe
1751 4102 1947 4176 plo'imi
1983 4116 2041 4159 et
2071 4109 2526 4177 superabundan-

346 4184 433 4230 tes
472 4176 817 4240 Talmatzae,
853 4196 991 4250 quos
1035 4195 1228 4248 capere
1264 4195 1361 4231 sua
1397 4178 1563 4230 statio
1600 4192 1714 4229 non
1788 4185 2021 4240 otuerat,
2058 4180 2192 4232 item
2235 4182 2388 4232 Rossi
2424 4180 2526 4233 ba-

345 4247 546 4320 ptizati
581 4264 705 4302 cum
734 4247 1017 4313 flamullis,
1044 4255 1315 4322 gestantes
1347 4255 1500 4302 scuta
1534 4256 1592 4302 et
1624 4261 1722 4319 spa
1786 4263 1863 4302 as.
1900 4247 2233 4304 Triclinium
2270 4251 2523 4306 Iustinia⁶
