3050 4900
328 0 442 52 ‘lm
483 0 759 49 υἶιραρα
801 0 912 30 οὖα
951 0 1100 41 '‘qu-
1138 0 1429 44 JBUIbU'Ugo
1509 0 1582 30 εκ
1630 0 1701 30 “U
1738 0 1851 30 'luv
1885 0 2212 47 ‘’me
2249 0 2555 52 Ρεπια-[ἱ

327 67 471 150 ρίου
536 62 779 150 ὅφείλει
831 63 1172 145 λαμβάνειν
1238 61 1496 148 σίδηρον
1555 64 1602 128 ν’
1647 62 1867 149 λίτρας
1927 63 2088 153 λόγῳ
2151 68 2497 150 σελιναίων,

326 165 440 228 καὶ
491 166 560 242 ἐξ
617 162 829 227 αὐτῶν
886 166 1145 248 ποιῆσαι
1203 162 1315 227 καὶ
1361 163 1748 247 μασσήματα
1789 162 2042 251 ἐλαφροὶ
2091 163 2203 252 ρν’.
2281 170 2392 233 καὶ
2428 166 2501 233 ὄ-

289 258 537 350 5φείλει
580 268 798 346 λαβεῖν
862 261 1083 349 ῥέτινα
1101 262 1231 326 -καί
1266 261 1642 341 καπινζάλια
1695 261 1861 328 ἅπλὰ
1924 262 2046 327 οἷπό
2091 268 2217 331 τῶν
2255 271 2501 353 βυρσα-

331 365 511 448 ρίων.
596 357 721 425 οἷπό
772 361 845 424 δὲ
887 361 995 446 τῆς
1027 359 1387 443 κανάβεως,
1452 356 1532 444 ἢν
1573 360 1887 443 λαμβάνει
1943 360 2068 427 άπὸ
2115 366 2231 428 τοῦ
2295 359 2501 432 αὗτοὸ

333 461 668 545 βασιλικοῦ
703 458 1090 547 βεστιαρώυ,
1132 459 1372 546 ὀφείλει
1408 469 1633 541 καμεῖν
1674 457 1985 546 σωκάρια.

934 617 1043 683 Au}
1097 629 1194 696 τῆς
1224 629 1527 699 βασιλικῆς
1559 628 1899 703 ὑπουργίας.
2512 652 2564 704 D

493 748 580 813 Ὅ
619 749 728 813 ἐπὶ
759 749 871 833 τῆς
907 747 1221 834 τραπέζης
1266 745 1378 812 καὶ
1405 746 1437 813 ὃ
1467 748 1828 831 δομέστικος
1863 751 1977 834 τῆς
2016 748 2363 837 ὑπουργίας
2392 753 2726 843 καίΜι,7,ι

258 846 373 917 ιοδ
439 845 747 923 οἰκειακὸς
809 844 1138 931 βασιλικὰς
1201 848 1516 933 κελλάριος
1570 847 1897 933 σαγμάρια
1957 844 2016 913 π’
2056 846 2134 914 τά
2192 854 2506 931 μέλλοντα.

333 946 672 1032 βαστάζειν
712 943 824 1031 τῆν
861 942 1194 1030 βασιλικήν
1245 945 1601 1033 ὑπουργίαν
1657 944 1770 1012 καὶ
1818 944 1887 1012 τὸ
1928 946 2195 1032 ἇσὴμιον
2234 952 2346 1034 τῆς
2382 955 2504 1033 βα-

334 1049 575 1131 σιλικῆς
613 1046 954 1130 τραπέζης.
1034 1043 1426 1127 λαμβάνουσι
1465 1046 1538 1111 δὲ
1578 1040 1612 1107 ὅ
1665 1048 1774 1131 τῆς
1812 1049 2121 1133 τραπέζης
2173 1052 2284 1113 καί
2322 1045 2355 1114 ὃ
2398 1051 2503 1114 δο-

332 1145 625 1226 μέστικος
666 1144 778 1228 τῆς
816 1143 1163 1231 ὑπουργίας
1205 1142 1499 1229 λογάριον
1547 1141 1674 1208 οἷπό
1726 1148 1840 1209 τοῦ
1880 1147 2120 1211 εἰδικοῦ
2160 1147 2251 1224 εἷς
2289 1144 2503 1227 ἔξοδον

335 1242 498 1332 λόγῳ
542 1244 887 1328 οἷρτυσίας.
970 1239 1216 1330 οἷνάριν
1256 1243 1654 1327 δεσποτικὸν,
1723 1249 2086 1332 μαγίστρων
2128 1245 2240 1310 καὶ
2275 1272 2504 1327 πατρα-

257 1344 489 1410 ιόκίων
523 1350 792 1427 χορηγεῖ
824 1339 859 1406 ὅ
903 1338 1365 1429 οἷποθηκάριος·
1446 1340 1514 1408 τὸ
1565 1346 1685 1426 μὲν
1736 1342 2067 1426 βασιλικὸν
2105 1348 2208 1430 μη’
2251 1348 2500 1431 μέτρα,

335 1438 768 1528 ζυγοφλάσκια
810 1452 1179 1527 τριμετραῖα
1232 1440 1423 1527 ζυγάς
1462 1439 1538 1527 η’·
1604 1444 1716 1508 καί
1752 1442 1913 1529 ὑπὲρ
1967 1448 2097 1509 τῶν
2133 1448 2794 1530 μαγίστρωνΕιιῑμιδΒ

330 1540 448 1606 καί
483 1540 821 1627 πατρικίων
874 1535 1064 1607 ἆσκία
1115 1551 1571 1628 πειταμετραῖα
1615 1540 1808 1626 ζυγεὶς
1847 1539 1909 1608 ι’.
1990 1547 2350 1630 σκορτζίδια
2396 1546 2505 1610 λό-

326 1665 421 1730 γῳ
459 1641 574 1705 τοῦ
623 1641 988 1705 δεσποτικοῦ
1029 1639 1268 1722 ε’λαίου,
1319 1640 1649 1727 φασούλιν,
1694 1636 1939 1725 ὄρύζιν,
1982 1642 2292 1726 πιστάκιν,
2333 1638 2507 1725 οἷμύ-

251 1809 256 1816 ,
326 1742 585 1826 γδαλον,
634 1735 844 1825 φακῆν
896 1747 1202 1825 παρεῖχον
1240 1738 1440 1805 πάλαι
1501 1738 1584 1805 τά
1630 1737 1744 1805 δύο
1786 1740 2284 1829 κουρατωρύεια,
2326 1740 2505 1825 ὅμοί-

328 1976 541 2048 pariter
588 1973 751 2044 lignis
789 1981 848 2028 et
883 1972 1177 2027 fodiendae
1223 1982 1401 2029 terrae
1438 1982 1628 2044 aptae;
1683 1976 1816 2031 item
1867 1975 2176 2047 platyliscia
2212 1992 2306 2027 seu
2345 1977 2503 2045 palae

329 2044 534 2116 planae
586 2045 728 2098 latae
778 2044 848 2097 ad
894 2046 1244 2098 avertendam
1295 2054 1535 2117 egestam
1587 2055 1812 2112 terram3
1850 2053 1907 2098 et
1940 2046 2164 2117 scaphas
2199 2047 2287 2099 vel
2321 2046 2504 2100 bottas

330 2117 590 2169 robustas
624 2116 695 2167 ad
726 2116 1060 2167 efferendum
1097 2117 1156 2167 in
1193 2116 1262 2168 iis
1300 2133 1527 2169 coenum
1552 2134 1580 2169 e
1615 2117 1794 2187 puteis
1834 2125 2091 2185 egestum.
2162 2116 2345 2169 Debet
2364 2133 2503 2185 quo-

331 2202 444 2256 que
485 2203 515 2237 e
552 2188 698 2253 regio
746 2186 996 2239 vestiario
1045 2186 1438 2257 quinquaginta
1494 2186 1663 2239 libras
1700 2186 1829 2240 ferri
1867 2204 2074 2239 sumere
2112 2204 2209 2256 pro
2247 2186 2502 2256 parandis

330 2256 468 2308 inde
523 2257 685 2307 soleis
741 2257 995 2327 equinis,
1031 2257 1165 2308 item
1214 2257 1416 2326 lupatis
1462 2255 1758 2309 levioribus
1819 2266 2038 2309 centum
2091 2258 2500 2328 quinquaginta.

328 2326 520 2379 Debet
556 2343 772 2396 quoque
807 2328 941 2391 lora,
975 2344 1113 2399 quae
1138 2328 1387 2379 maxillas
1427 2344 1688 2397 equorum
1712 2326 2102 2398 substringant,
2139 2339 2195 2379 et
2216 2328 2496 2395 capitzalia

328 2394 449 2470 [seu
489 2397 605 2448 lora
643 2397 848 2449 frontes
882 2413 1068 2450 eorum
1101 2396 1419 2470 ambientia]
1458 2398 1730 2469 simplicia
1784 2396 1863 2468 [id
1903 2405 2014 2462 est,
2053 2399 2111 2449 in
2147 2398 2346 2470 quibus
2381 2396 2496 2449 ser-

329 2486 449 2521 rum
493 2483 604 2519 non
641 2468 753 2540 sia]
793 2485 823 2519 e
858 2470 1019 2521 coriis
1060 2470 1287 2524 confieri
1326 2485 1532 2522 curare.
1603 2471 1644 2522 E
1686 2468 1921 2521 cannabi
1957 2475 2174 2533 autem,
2209 2485 2370 2540 quam
2403 2486 2497 2520 ao·-

325 2539 467 2610 cipit
508 2555 540 2592 e
571 2539 827 2596 vestiario
861 2541 1009 2608 regio
1033 2576 1050 2603 ,
1088 2538 1256 2592 debet
1287 2556 1493 2604 curare,
1529 2546 1594 2592 ut
1626 2548 1798 2592 restes
1833 2539 1986 2593 fiant·

355 2707 548 2746 aneuz
582 2708 916 2756 nvpuneuu,
980 2708 1040 2746 m
1088 2709 1177 2745 8³1·
1228 2708 1569 2756 mnu-nmo,
1607 2708 1750 2755 Quon
1787 2706 1857 2744 AD
1892 2705 2107 2744 sunau
2143 2706 2464 2756 ululatur,

1165 2795 1509 2833 lupuranrun
1544 2795 1694 2836 mne.

469 2898 776 2952 Praefectus
826 2915 1047 2952 mensae
1100 2904 1157 2951 et
1206 2897 1536 2951 domesticus
1569 2896 1865 2950 ministerii
1900 2903 1958 2950 et
1990 2897 2282 2968 peculiaris
2319 2900 2499 2970 regius

331 2963 586 3019 cellarius
615 2978 892 3037 praestant
912 2971 1175 3039 sagmaria
1205 2971 1444 3021 iumenta
1478 2968 1593 3041 [seu
1629 2967 1826 3040 mulos]
1865 2970 2158 3036 octoginta,
2191 2979 2497 3038 portaturus

328 3035 696 3090 ministerium
716 3041 961 3092 culinare
986 3042 1193 3110 regium
1228 3046 1284 3091 et
1307 3049 1613 3109 argenteam
1629 3039 1807 3109 regiae
1842 3055 2059 3091 mensae
2078 3039 2496 3110 supellectilem.

329 3105 816 3175 Accipiuntautem
830 3110 1136 3180 praefectus
1149 3126 1365 3162 mensae
1386 3117 1441 3161 et
1452 3109 1785 3161 domesticus
1798 3109 2091 3161 ministerii
2109 3119 2311 3162 certam
2330 3130 2505 3183 quan-

332 3173 461 3226 dam
475 3181 741 3244 pecuniae
763 3197 1020 3232 summam
1047 3180 1115 3232 ab
1138 3180 1281 3231 idico
1302 3180 1372 3232 ad
1399 3197 1659 3249 expensas
1680 3178 1974 3243 faciendas,
1999 3188 2055 3232 et
2076 3179 2296 3250 quidem
2324 3183 2503 3235 nomi-

331 3261 407 3296 ne
445 3263 798 3314 expensarum
827 3251 885 3302 in
904 3252 1245 3303 condituram
1279 3251 1544 3307 ciborum.
1577 3250 1778 3305 Vinum
1819 3249 2152 3301 dominicum
2172 3289 2188 3313 ,
2220 3254 2504 3321 magistro-

329 3331 456 3367 rum
479 3324 538 3368 et
553 3321 900 3387 patriciorum
921 3329 1157 3390 praestat
1190 3320 1568 3394 apothecarius
1587 3358 1603 3384 ,
1639 3329 1698 3372 et
1729 3319 1991 3372 dominici
2025 3321 2248 3390 quidem
2265 3331 2504 3390 praestat

331 3385 691 3457 quadraginta
712 3399 832 3443 octo
849 3409 1121 3449 mensuras
1142 3429 1157 3454 ,
1180 3391 1390 3444 scilicet
1414 3399 1537 3443 octo
1555 3391 1702 3460 paria
1720 3391 2047 3460 lagenarum,
2077 3408 2299 3462 quarum
2314 3395 2502 3464 singu-

328 3454 421 3508 lae
444 3464 627 3510 ternas
650 3476 926 3513 mensuras
945 3465 1245 3519 continent.
1280 3460 1554 3533 Magistris
1583 3469 1765 3513 autem
1794 3469 1851 3513 et
1875 3462 2117 3531 patriciis
2136 3471 2373 3531 praestat
2401 3481 2501 3532 pa-

327 3526 415 3578 ria
441 3526 631 3580 decem
648 3531 1120 3604 utrium‚quorum
1154 3532 1358 3601 singuli
1425 3532 1581 3582 uinas
1617 3548 1891 3585 mensuras
1929 3531 2229 3585 continent.
2266 3532 2501 3590 Seortzi-

329 3593 423 3648 ‹lia
457 3605 555 3651 aut
610 3610 849 3657 scorteos
900 3603 1163 3656 utriculos
1212 3619 1314 3673 pro
1372 3621 1404 3656 ο
1431 3618 1497 3655 eo
1550 3600 1824 3658 dominico
1875 3600 2162 3657 condendo
2205 3603 2498 3675 ipsumque
