3050 4900
726 337 781 397 E
826 333 1182 400 namen
1229 334 1634 400 Bumo'm.
1688 337 2044 404 GRAECA.
2283 307 2298 329 “
2362 342 2502 407 ux

278 501 341 552 et
384 488 876 552 ecclesiasticum
916 493 1252 574 pertinent,
1293 492 1402 554 scd
1442 492 1638 555 multa
1676 496 1858 557 etiam
1895 517 2053 578 quae
2092 492 2171 555 ad
2209 505 2497 579 topogra-

276 576 493 657 phiam
526 575 763 653 Urbis,
808 573 1157 636 officiorum
1182 586 1380 658 atque
1420 577 1788 660 dignitatum
1831 582 2111 640 notitiam
2147 591 2497 662 utramque,

281 659 768 721 ecclesiasticam
809 661 1113 740 imprimis
1154 659 1378 721 horum
1427 672 1776 743 temporum
1811 662 2128 724 historiam
2148 707 2169 741 ‚
2223 663 2456 726 faciunt
2474 709 2495 742 ,

284 838 381 887 est
418 754 688 887 ἱιιὲιηοῗιΐ
700 765 1009 908 ἰιοοᾞῗιε
1019 742 1357 908 8ιΙιιιΙιὶιικῙιιειιειι
1395 745 2499 914 ρΓΕΞΪἭΠΙὲἓέωΙᾘἚ

294 909 430 971 latii
473 932 667 993 quam
713 909 1004 972 ecclesiae
1049 908 1247 979 officia
1285 932 1323 973 a
1360 911 1598 974 Codino
1642 923 1826 995 atque
1857 915 2130 975 Meursio
2164 918 2386 976 omissa
2424 936 2498 979 ex

300 992 412 1053 illo
446 995 702 1076 produci
722 1038 743 1072 ‚
784 993 985 1054 multa
1023 997 1207 1055 etiam
1247 994 1541 1057 illustrari
1718 1007 1852 1064 unt.
1936 998 2302 1059 Innumerae
2337 1020 2498 1081 quo-

304 1098 429 1158 que
476 1100 656 1141 voces
703 1089 1064 1156 occurrunt,
1106 1099 1257 1161 quas
1295 1100 1495 1161 neque
1523 1079 1582 1140 G
1606 1083 1833 1141 cesaria
1871 1101 1909 1141 a
1939 1080 2252 1160 Labhaeo,
2283 1084 2496 1144 Meur-

306 1164 399 1221 sio
430 1207 451 1240 ‚
513 1162 597 1223 du
651 1161 887 1244 Cangio
961 1164 1297 1245 composita
1319 1210 1340 1241 ,
1413 1185 1616 1247 neque
1661 1164 2006 1247 Hesychius
2040 1184 2241 1247 neque
2274 1166 2496 1229 Suidas

304 1242 547 1308 habent.
627 1247 843 1323 Quare
885 1245 967 1306 ad
1004 1245 1247 1329 linguae
1294 1250 1478 1308 etiam
1530 1250 1813 1329 peritiam
1851 1247 2020 1309 haud
2074 1270 2296 1331 parum
2343 1272 2495 1310 con-

308 1327 492 1389 ducit.
576 1328 790 1412 Stylus
836 1340 1148 1392 caeterum
1190 1331 1335 1390 satis
1381 1342 1662 1414 comptus
1708 1343 1894 1414 atque
1933 1352 2049 1415 pro
2088 1334 2263 1394 istius
2305 1333 2493 1395 seculi

300 1409 580 1478 barbarie
633 1424 735 1474 sat
762 1411 1027 1496 elegans,
1114 1413 1447 1494 Nunquam
1488 1435 1638 1477 vero
1675 1415 1906 1476 editum
1934 1461 1954 1495 ,
1985 1417 2110 1477 imo
2152 1418 2256 1478 vix
2280 1420 2494 1499 cogni-

298 1503 428 1556 tum
464 1496 769 1558 hactenus
806 1500 1111 1579 optimum
1150 1494 1335 1557 fuisse
1364 1498 1638 1559 codicem
1679 1519 1930 1581 prorsus
1984 1501 2193 1560 miror.
2277 1499 2334 1560 N
2455 1522 2493 1562 e

297 1582 459 1641 enim
500 1583 669 1642 inter
715 1601 906 1662 opera
954 1580 1338 1642 Constantini
1388 1603 1425 1642 a
1472 1581 1778 1644 Vulcanio
1819 1580 1919 1644 vel
1965 1581 2045 1643 ab
2090 1582 2226 1643 aliis
2261 1522 2492 1664 puffiilci

303 1664 448 1724 iuris
486 1664 646 1725 facta
688 1674 948 1747 apparet
970 1708 992 1742 ‚
1034 1685 1234 1746 neque
1270 1664 1351 1725 ab
1374 1664 1680 1741 Hanckio‚
1722 1685 1837 1727 nee
1884 1663 2005 1726 alio
2021 1711 2042 1743 ‚
2080 1665 2248 1747 quod
2276 1668 2489 1746 sciam,

305 1745 430 1808 ulla
461 1751 592 1808 eius
626 1748 699 1808 fit
726 1751 987 1809 mentio.
1070 1748 1307 1809 Verum
1339 1747 1426 1811 du
1454 1748 1709 1810 Fresnei
1745 1749 1996 1809 Domini
2035 1747 2117 1809 du
2150 1749 2358 1831 Gange
2393 1753 2491 1811 in-

308 1829 594 1891 dustriam
633 1830 921 1913 effingisse
960 1829 1142 1914 plane
1172 1831 1445 1897 demiror
1462 1877 1482 1909 ,
1524 1834 1756 1914 quippe
1796 1834 1906 1915 qui
1945 1831 2023 1893 ad
2065 1830 2493 1895 illustrandam

305 1914 626 1977 Orientali's
663 1915 917 1998 Imperii
961 1916 1321 1996 Historiam,
1370 1914 1826 1979 etGlossarium
1852 1936 2033 1977 suum
2066 1916 2491 1979 adornandum

204 2058 221 2069 ,
296 1999 755 2081 incomparabili
797 2020 1050 2082 prorsus
1111 1999 1313 2061 studio
1356 2001 1564 2061 omnia
1611 2001 1872 2061 rimatus
1934 2010 2049 2061 est.
2135 1997 2315 2060 Solus
2363 2002 2491 2063 Ge·

289 2102 496 2144 merus
513 2086 584 2164 ¹),
624 2086 695 2143 in
719 2083 977 2145 historia
1016 2082 1311 2144 litteraria
1343 2084 1767 2166 peritissimus,
1808 2085 1939 2145 eius
1975 2082 2144 2145 hisce
2182 2085 2487 2165 meminit,

288 2164 429 2227 dum
468 2169 637 2228 inter
666 2166 791 2227 alia
831 2168 1213 2229 Constantini
1253 2167 1463 2250 Opera
1512 2177 1830 2231 recenset:
1895 2166 2248 2228 »Volumen
2291 2168 2487 2230 Grae-

285 2270 420 2309 cum
463 2272 765 2334 magnum
799 2272 869 2312 ex
921 2249 1295 2313 bibliotheca
1339 2248 1693 2335 Hungarica
1736 2251 1814 2311 de
1856 2250 2220 2312 Cerimoniis
2267 2250 2482 2316 aulicis

285 2336 465 2395 meris
502 2346 568 2396 et
599 2334 958 2417 prophanis.
1034 2333 1386 2396 Videndum
1404 2379 1424 2413 ,
1465 2337 1666 2417 pergit
1701 2336 2031 2412 Gesoemz,
2072 2356 2153 2395 an
2195 2335 2350 2396 forte
2398 2339 2481 2399 sit

283 2416 439 2479 idem
464 2419 668 2481 Liber
699 2421 810 2502 qui
854 2417 1317 2501 Harmenopulo
1360 2418 1656 2481 tribuitur
1704 2419 1772 2480 in
1804 2416 2098 2501 Catalogo
2141 2418 2477 2482 Bibliothe-

284 2521 387 2562 cae
420 2504 609 2587 Regis
646 2503 1010 2578 Gallorum,
1055 2503 1231 2564 Ordo
1267 2505 1440 2586 Regii
1460 2503 1751 2565 PalatiLu
1833 2501 2090 2564 Nullum
2134 2524 2284 2565 vero
2321 2504 2475 2567 mihi

284 2583 537 2647 dubium
588 2598 684 2648 est
698 2634 717 2664 ‚
757 2599 868 2649 aut
918 2584 1074 2648 'falso
1112 2587 1511 2648 Constantino
1558 2585 2020 2669 Harmenopulo
2067 2587 2315 2648 inscribi
2365 2599 2477 2651 aut

284 2667 457 2748 plane
497 2671 816 2732 diversum
849 2692 981 2734 esse
1027 2669 1274 2732 debere.
1320 2672 1493 2732 Dum
1519 2672 1982 2754 expressissimis
2025 2671 2234 2734 verbis
2266 2672 2474 2753 Impe-

292 2763 453 2813 rator
500 2758 564 2814 in
625 2757 906 2816 omnium
958 2764 1329 2815 tractatuum
1385 2754 1577 2816 titulis
1626 2766 1688 2818 et
1785 2753 2113 2836 raeloquiis
2155 2753 2293 2816 illos
2352 2755 2470 2817 sibi

296 2835 409 2916 ipsi
458 2837 717 2900 vindicet
736 2883 756 2916 ‚
812 2851 908 2918 et,
982 2859 1167 2921 quem
1240 2838 1644 2906 Constantino
1760 2837 2157 2921 armenopulo
2213 2837 2471 2917 tribuit,

293 2918 500 2980 Codex
554 2921 633 2981 de
677 2921 904 2984 Aulicis
930 2966 951 3002 ,
1007 2943 1181 2984 meus
1244 2943 1394 2983 vero
1455 2921 1534 2982 de
1587 2921 2026 2984 Ecclesiasticis
2085 2923 2472 3004 potissimum

283 3012 452 3084 agat.
540 3004 645 3064 Du
673 3006 928 3089 cangius
950 3050 970 3084 ‚
1015 3007 1121 3088 qui
1151 3008 1363 3068 omnia
1387 3006 1613 3089 Regiae
1642 3005 1797 3068 Bihl.
1831 3006 1968 3065 MS.
2016 3004 2229 3067 sedulo
2271 3026 2469 3066 excus-

275 3088 381 3164 sit,
428 3086 955 3171 Harmenopulum
988 3109 1116 3149 non
1151 3089 1308 3149 vidit
1324 3134 1343 3167 ,
1392 3088 1544 3151 alias
1578 3087 1932 3170 neglexisset
1970 3088 2244 3165 minime,
2276 3108 2468 3169 quare

274 3168 451 3230 illum
486 3171 697 3234 adesse
736 3177 837 3234 vix
871 3172 1079 3234 credo.
1166 3172 1231 3232 Si
1260 3172 1493 3233 Labbei
1524 3171 1898 3233 Bibliotheca
1922 3171 2099 3231 MSS.
2132 3172 2180 3247 2)
2218 3169 2296 3231 ad
2331 3192 2466 3232 ma·-

274 3274 393 3314 nus
425 3265 617 3334 esset,
660 3255 879 3317 lubens
925 3256 1381 3320 consuluissem.
1468 3256 1530 3317 Is
1592 3256 1755 3317 enim
1797 3255 2021 3336 Regiae
2054 3253 2465 3317 Bibliothecae

274 3336 454 3397 MSS.
496 3339 659 3400 iuter
713 3351 951 3401 caetera
996 3351 1312 3401 enumerat
1332 3384 1352 3418 ‚
1398 3338 1598 3422 qualis
1644 3349 1848 3400 autem
1897 3340 1976 3398 sit
2015 3335 2339 3420 Catalogus
2385 3340 2464 3401 de

274 3440 397 3500 quo
445 3420 758 3484 Gesnerus
778 3469 800 3502 ,
862 3426 1097 3508 ignoro.
1181 3423 1427 3485 MStum
1488 3423 1672 3484 fuisse
1731 3431 1995 3506 oportet.
2078 3420 2462 3505 singularem

316 3585 366 3658 ι)
399 3587 529 3641 Sive
547 3589 778 3644 Iacobus
808 3590 1021 3643 Frisius
1056 3593 1243 3662 potius
1278 3591 1337 3642 iu
1357 3591 1614 3661 Epitome
1636 3591 1775 3644 Bibl.
1794 3589 2166 3645 Gesnerianae
2197 3599 2255 3644 et
2280 3594 2460 3645 conti—

412 3660 680 3713 nuatione
713 3678 802 3731 ap.
839 3660 1136 3716 Froschom
1183 3663 1332 3721 1583.
1367 3663 1466 3719 fol.
1501 3664 1682 3733 9³73·
1838 3663 1894 3731 a)
1935 3663 1999 3712 In
2038 3660 2141 3712 hac
2178 3678 2294 3731 pag.
2333 3680 2455 3731 ²70·

407 3738 785 3785 memorantur
834 3747 904 3784 ex
953 3732 1108 3787 MSS.
1162 3733 1305 3786 Bibl.
1350 3732 1586 3804 Regiae,
1636 3739 1765 3802 post
1820 3731 2092 3784 Han-meno
2135 3732 2214 3784 uli
2268 3751 2459 3804 prom-

406 3804 649 3854 tuarium
689 3801 855 3855 libris
908 3802 1051 3856 vm.
1106 3802 1426 3856 distinctum
1479 3813 1540 3856 et
1574 3803 1723 3874 plera
1804 3819 1836 3855 e
1890 3804 2000 3854 alia
2040 3818 2072 3852 a
2160 3810 2456 3875 utrumque

404 3873 494 3923 ius
542 3872 883 3925 Graecorum
942 3875 1250 3943 spectantia
1292 3892 1324 3927 o
1367 3874 1559 3927 urnula
1579 3911 1596 3937 ,
1644 3876 1690 3926 0
1754 3875 1846 3928 cia
1889 3873 2113 3927 Palatii
2152 3887 2209 3927 et
2255 3876 2456 3929 Eccle-

401 3946 523 3997 siae
572 3959 637 3995 ac
684 3943 849 3996 sedes
898 3943 1243 4013 patriarchae
1287 3943 1328 3996 C
1369 3945 1441 3998 ol.
1489 3943 1771 3998 subiectae
1826 3944 1930 3996 sub
1974 3943 2163 3997 Leone
2198 3943 2455 3998 Philoso-

401 4010 514 4081 pho
565 4021 624 4067 et
674 4013 1003 4067 Andronico
1049 4016 1398 4086 Palaeologo‚
1451 4022 1510 4069 et
1560 4014 1721 4075 τάξις
1771 4013 1890 4068 τῶν
1931 4019 2309 4084 χειροτονιῶν
2353 4030 2455 4085 per

396 4083 738 4139 Demetrium
795 4085 1110 4138 Gemistum
1153 4087 1596 4139 protonotarium
1650 4101 1877 4153 magnae
1940 4085 2201 4139 ecclesiae
2252 4086 2452 4140 Diaco-

396 4156 736 4217 numJnscri
784 4156 979 4208 tiones
1019 4154 1363 4210 Patriarchae
1411 4155 1570 4211 CPol.
1616 4156 1688 4210 ad
1714 4155 1914 4226 Papam
1958 4164 2017 4210 et
2062 4164 2307 4211 caeteros
2349 4157 2452 4213 Pa-

392 4224 688 4295 triarchas,
773 4225 1070 4302 rehiepisc.
1140 4225 1255 4284 Sed
1292 4226 1437 4282 nihil
1472 4224 1616 4282 haec
1652 4225 1723 4284 ad
1756 4243 2015 4299 praesens
2052 4243 2209 4299 opus.
