3050 4900
558 272 759 337 XXVI
1306 268 1422 347 10.
1488 267 1650 334 IAC.
1707 270 2004 335 RElsKn

448 436 459 445 ‘
556 424 766 491 lumen
804 420 968 487 mole
1006 424 1169 488 ultra
1208 427 1383 510 prius
1425 424 1756 493 excederet.
1841 425 1941 489 Cl.
1982 425 2269 491 Laronius
2308 425 2378 490 ld
2412 425 2552 493 ideo
2581 446 2749 513 pror·

551 548 661 588 sus
700 527 1012 606 omiserat,
1049 527 1197 609 quia
1236 527 1316 588 ab
1355 525 1475 589 hoc
1513 547 1700 610 opere
1728 525 2083 591 decreverat
2121 548 2331 590 arcere
2351 569 2372 607 ,
2412 539 2473 590 et
2512 527 2580 590 in
2619 526 2751 590 col-

552 626 812 691 lectione
856 627 1248 689 Tacticorum
1289 628 1689 709 Graecorum,
1729 648 1918 711 quam
1953 627 2385 707 meditabatur,
2442 626 2750 691 exhibere.

551 726 770 790 Habeo
810 728 877 788 in
916 726 1201 790 manibus
1229 725 1538 811 exemplar
1560 726 1998 811 opusculorum
2029 725 2438 807 Constantini,
2482 748 2522 790 a
2547 728 2751 789 Meur-

551 828 643 889 sio
687 825 891 909 Lugd.
932 827 1147 892 Batav.
1187 850 1249 890 a.
1303 826 1453 891 1611
1503 826 1809 889 editorum
1841 870 1862 907 ,
1951 829 2018 891 in
2075 828 2300 912 quibus
2342 827 2592 890 Tactica
2630 827 2748 888 Vir

550 925 651 988 Cl.
691 929 920 1011 passim
962 928 1393 990 emendaverat
1435 948 1552 990 sua
1590 948 1776 990 manu
1817 938 2002 1012 atquc
2041 927 2455 1014 suppleverat,
2511 949 2549 989 e
2585 927 2748 989 codi-

548 1046 645 1105 ce,
701 1037 772 1087 ut
810 1029 1096 1107 coniicio,
1138 1028 1524 1110 Augustano.
1605 1027 1823 1092 Inveni
1880 1031 1946 1091 in
2005 1030 2135 1091 eius
2174 1028 2566 1093 Adversa-iis
2627 1026 2750 1093 alia

546 1123 968 1210 supplementa
1025 1128 1363 1193 eorundem
1424 1127 1843 1206 Tacticorum‚
1897 1138 1970 1190 ut
2025 1139 2089 1191 et
2143 1129 2368 1191 Leonis
2388 1173 2407 1210 ,
2464 1150 2501 1192 e
2540 1129 2750 1191 codice

547 1225 910 1307 Augustano
930 1271 952 1305 ,
1007 1246 1167 1309 quae
1212 1248 1250 1287 a
1310 1224 1708 1290 celeberrimo
1778 1229 2108 1291 Baucmo
2163 1239 2501 1313 acceperat.
2610 1228 2749 1311 Ego

548 1346 724 1423 vern,
765 1346 959 1409 quum
1001 1347 1039 1389 a
1075 1325 1185 1389 tali
1226 1327 1483 1391 consilio
1524 1327 1758 1391 alienus
1802 1330 1942 1409 sim,
1984 1338 2047 1391 et
2084 1351 2198 1414 per
2224 1351 2502 1392 mearum
2536 1350 2751 1393 rerum

545 1424 959 1489 conditionem
1007 1448 1310 1511 nequeam
1372 1449 1501 1490 non
1543 1448 1698 1507 esse,
1743 1427 1928 1491 debui
1983 1430 2236 1492 omnino
2275 1428 2483 1494 locum
2521 1431 2587 1489 in
2626 1429 2745 1493 hac

546 1524 820 1595 editione
858 1526 1155 1611 opusculo
1197 1526 1371 1608 dare,
1413 1530 1816 1613 interpretatu
1854 1529 2105 1614 quidem
2145 1528 2402 1608 difficili,
2444 1529 2609 1593 lectu
2646 1540 2747 1591 ta-

546 1646 692 1689 men
749 1626 1045 1707 iucundo,
1110 1627 1416 1712 plenoque
1465 1649 1677 1692 rerum
1719 1630 1876 1690 scitu
1915 1627 2429 1712 dignissimarum.
2512 1629 2749 1695 Parum

541 1726 867 1807 referebat,
894 1727 1128 1791 ubiubi
1154 1727 1589 1811 collocaretur3
1630 1727 1817 1792 modo
1838 1727 2044 1792 locum
2061 1727 2318 1791 haberet
2340 1751 2468 1792 non
2481 1729 2746 1799 nullum.

711 1826 1062 1901 Secundum
1117 1827 1406 1893 volumen
1469 1828 1644 1891 dabit
1697 1827 2031 1893 secundum
2090 1831 2310 1892 Graeci
2366 1827 2549 1892 huius
2591 1833 2748 1892 ceri-

542 1926 824 1991 monialis
886 1926 1143 2007 librum,
1204 1951 1348 1993 cum
1398 1929 1689 1991 adiuncta
1746 1928 1973 1991 Latina
2028 1949 2167 1990 mea
2218 1931 2744 2013 interpretatione.

542 2027 828 2090 Proxime
866 2048 1170 2112 apponam
1207 2039 1385 2092 notas
1423 2031 1663 2092 criticas
1690 2072 1713 2109 ,
1774 2048 1935 2112 quae
1971 2027 2245 2091 codicem
2299 2029 2604 2093 Graecum
2643 2041 2743 2115 ty·-

539 2128 639 2212 pis
690 2149 1042 2212 expressum
1087 2148 1157 2190 ex
1196 2131 1468 2213 ipsarum
1514 2127 2015 2191 membranarum
2059 2127 2261 2190 denuo
2300 2150 2339 2191 a
2375 2150 2475 2192 me
2501 2129 2750 2214 diligen·

542 2238 641 2290 ter
675 2231 1085 2313 inspectarum
1161 2228 1282 2292 fide
1335 2241 1397 2292 et
1450 2230 1816 2292 coniecturis
1854 2230 2007 2292 meis
2046 2227 2477 2309 emendabunt,
2560 2230 2746 2293 Exei-

542 2326 719 2411 'pient
775 2349 874 2392 eas
919 2329 1473 2393 animadversiones
1510 2329 1835 2392 historicae
1881 2331 1949 2391 in
1987 2339 2187 2392 totum
2226 2351 2381 2414 opus
2421 2351 2563 2393 cum
2597 2330 2745 2393 Lei-

538 2428 780 2494 chianis
825 2452 1022 2512 meae3
1064 2430 1247 2494 finem
1306 2430 1488 2494 saciet
1529 2428 1712 2493 index
1754 2431 2138 2494 Graecitatis.
2220 2431 2442 2500 Latina
2491 2430 2741 2517 quidem

545 2531 972 2614 interpretatio
1013 2533 1080 2593 in
1120 2530 1351 2593 mundo
1393 2542 1484 2593 est
1502 2575 1523 2613 ,
1580 2542 1655 2594 ut
1693 2531 1870 2595 facile
1919 2532 2111 2615 possit
2147 2550 2272 2593 una
2312 2551 2455 2595 cum
2494 2533 2744 2596 Graecis

543 2632 707 2693 intra
745 2632 934 2695 breve
973 2643 1217 2717 tempus
1255 2630 1465 2718 praelo
1504 2631 1768 2695 absolvi.
1851 2630 2112 2714 Reliqua
2154 2634 2434 2716 quamvis
2457 2632 2742 2716 expeditu

546 2731 741 2795 ardna
777 2744 839 2795 et
876 2753 1238 2796 aerumnosa
1292 2754 1481 2817 pensa
1521 2734 1645 2794 sint
1672 2777 1691 2811 ‚
1734 2751 1915 2816 spero
1949 2742 2157 2793 tamma
2194 2730 2326 2793 sore
2345 2772 2367 2810 ,
2413 2733 2467 2794 si
2526 2734 2738 2817 propi-

542 2836 702 2896 tium
740 2851 969 2896 numen
1010 2834 1238 2918 coeptis
1277 2835 1427 2896 meis
1468 2832 1762 2917 adspiret,
1802 2842 1876 2894 ut
1920 2841 2174 2896 exeunte
2199 2830 2447 2895 biennio
2475 2831 2736 2896 alterum

542 2955 791 3019 quoque
833 2931 1148 3015 volumen,
1197 2932 1509 3018 aliquanto
1576 2934 1845 3017 spissius,
1886 2953 2073 3016 quam
2112 2931 2232 2994 hoc
2273 2944 2390 3016 est,
2433 2934 2735 3018 futurum,

540 3035 624 3097 in.
652 3034 975 3097 doctorum
1015 3032 1337 3097 hominum
1377 3055 1595 3096 manus
1639 3034 1871 3095 veniat.

708 3132 766 3218 §.
810 3133 878 3196 6.
976 3132 1348 3197 Admonitio
1408 3130 1492 3195 de
1548 3131 1787 3197 tabulis
1833 3132 2058 3195 aencis
2088 3131 2343 3218 primae
2377 3133 2568 3217 parti
2605 3132 2733 3194 bu-

548 3232 651 3293 ius
691 3233 906 3314 operis
944 3234 1224 3297 insertis.
1308 3232 1385 3296 ln
1443 3234 1645 3318 primo
1708 3230 1855 3295 solio
1923 3231 2143 3293 Graeci
2181 3232 2382 3315 operis
2413 3230 2737 3296 curaverat

544 3330 627 3392 cl.
669 3330 958 3393 Lucumo
998 3344 1139 3396 tum
1174 3335 1469 3417 temporis
1493 3379 1514 3414 ,
1558 3352 1752 3417 quum
1789 3331 1858 3395 id
1902 3334 2064 3418 typis
2110 3330 2505 3394 excuderetur
2529 3378 2551 3412 ,
2613 3335 2737 3396 tria

541 3451 740 3493 vacua
791 3434 987 3514 spatia
1041 3453 1156 3516 pro
1216 3432 1474 3496 totidem
1521 3432 1749 3496 tabulis
1788 3434 1993 3497 aeneis
2032 3432 2294 3515 relinqui
2315 3475 2336 3512 ,
2381 3453 2493 3516 per
2532 3434 2733 3495 otium

541 3526 895 3614 aliquando,
936 3543 999 3594 et
1029 3530 1280 3618 'quando
1318 3532 1558 3597 luberet
1595 3555 1632 3596 a
1675 3532 2121 3619 chalcographo
2159 3531 2521 3618 supplenda.
2568 3532 2738 3595 Ante

540 3651 716 3712 vero,
758 3652 946 3716 quam
998 3635 1158 3696 serio
1215 3633 1333 3696 hac
1372 3633 1450 3696 de
1485 3656 1558 3696 re
1597 3637 1889 3720 cogitaret
1908 3676 1929 3717 ,
1976 3634 2174 3698 fatum
2228 3653 2373 3696 eum
2410 3633 2731 3696 avocabat.

538 3731 756 3810 'Quum
807 3734 1014 3816 itaque
1067 3737 1373 3818 integrum
1427 3735 1584 3798 mihi
1637 3747 1794 3800 esset
1831 3753 1947 3820 pro
1983 3734 2185 3798 lubitu
2224 3745 2285 3798 et
2326 3733 2550 3798 iudicio
2593 3751 2733 3796 meo

416 3865 429 3876 ·
537 3832 834 3914 imagines
879 3836 1050 3916 operi
1093 3834 1344 3916 addere,
1386 3838 1453 3900 in
1495 3839 1629 3920 ipso
1673 3836 2052 3919 frontispicio
2093 3834 2387 3907 collocavi
2431 3837 2734 3917 egregiam

538 3929 870 4016 Nicephori
936 3934 1290 3999 Botoniatae
1345 3939 1697 4021 imaginem,
1755 3959 1826 4002 ex
1866 3935 2306 4000 Montfauoonii
2358 3931 2734 3998 Bibliotheca

538 4029 914 4097 Cnisliniana
952 4034 1361 4120 depromtam,
1404 4050 1727 4123 propterea
1771 4040 2033 4102 maxime
2057 4082 2076 4116 ‚
2116 4034 2283 4120 quod
2322 4053 2457 4098 rem
2494 4036 2721 4097 vestia-

539 4132 696 4202 riam
736 4133 1210 4235 Pyzantinorum
1266 4140 1403 4202 aevi
1461 4139 1675 4221 medii,
1745 4138 2016 4223 profecto
2075 4136 2508 4221 pei-obscuram
2571 4144 2632 4195 et
2690 4154 2727 4194 a
