<?xml version="1.0" encoding="UTF-8"?>
<!DOCTYPE html PUBLIC "-//W3C//DTD XHTML 1.0 Transitional//EN"
    "http://www.w3.org/TR/xhtml1/DTD/xhtml1-transitional.dtd">
<html xmlns="http://www.w3.org/1999/xhtml" xml:lang="en" lang="en">
 <head>
  <title>
</title>
<meta http-equiv="Content-Type" content="text/html;charset=utf-8" />
  <meta name='ocr-system' content='tesseract 3.04.00' />
  <meta name='ocr-capabilities' content='ocr_page ocr_carea ocr_par ocr_line ocrx_word'/>
</head>
<body>
  <div class='ocr_page' id='page_1' title='image "./corpusscriptoru09unkngoog/corpusscriptoru09unkngoog_0528.png"; bbox 0 0 3050 4900; ppageno 0'>
   <div class='ocr_carea' id='block_1_1' title="bbox 343 0 2811 1628">
    <p class='ocr_par' dir='ltr' id='par_1_1' title="bbox 343 0 2768 740">
     <span class='ocr_line' id='line_1_1' title="bbox 559 0 2733 42; baseline 0.003 -21"><span class='ocrx_word' id='word_1_1' title='bbox 559 0 739 24; x_wconf 74' lang='grc' dir='ltr'><strong>ιυιυυι</strong></span> <span class='ocrx_word' id='word_1_2' title='bbox 787 0 1198 39; x_wconf 48' lang='grc' dir='ltr'><strong>σμιυιυ-υοζιυυι</strong></span> <span class='ocrx_word' id='word_1_3' title='bbox 1242 0 1352 19; x_wconf 66' lang='lat' dir='ltr'><strong>awo</strong></span> <span class='ocrx_word' id='word_1_4' title='bbox 1392 0 1675 42; x_wconf 65' lang='lat' dir='ltr'><strong>wnvupwr</strong></span> <span class='ocrx_word' id='word_1_5' title='bbox 1737 0 1848 21; x_wconf 62' lang='lat' dir='ltr'><strong>now</strong></span> <span class='ocrx_word' id='word_1_6' title='bbox 1903 0 2288 41; x_wconf 68' lang='grc' dir='ltr'><strong>υυιημμυιιων</strong></span> <span class='ocrx_word' id='word_1_7' title='bbox 2341 0 2450 24; x_wconf 60' lang='grc' dir='ltr'><strong>και</strong></span> <span class='ocrx_word' id='word_1_8' title='bbox 2503 0 2733 28; x_wconf 72' lang='grc' dir='ltr'><strong>ιιυιιιιυν</strong></span> 
     </span>
     <span class='ocr_line' id='line_1_2' title="bbox 562 53 2734 144; baseline 0.002 -23"><span class='ocrx_word' id='word_1_9' title='bbox 562 56 858 141; x_wconf 77' lang='grc' dir='ltr'><strong><em>ἰατρικῶν</em></strong></span> <span class='ocrx_word' id='word_1_10' title='bbox 898 54 1123 134; x_wconf 67' lang='grc' dir='ltr'><strong><em>εἰδῶν,</em></strong></span> <span class='ocrx_word' id='word_1_11' title='bbox 1185 56 1467 135; x_wconf 69' lang='grc' dir='ltr'><strong><em>βοτανῶν</em></strong></span> <span class='ocrx_word' id='word_1_12' title='bbox 1505 53 1620 118; x_wconf 76' lang='grc' dir='ltr'><strong>καὶ</strong></span> <span class='ocrx_word' id='word_1_13' title='bbox 1654 58 1889 122; x_wconf 72' lang='grc' dir='ltr'><strong><em>λοιπῶν</em></strong></span> <span class='ocrx_word' id='word_1_14' title='bbox 1940 62 2066 121; x_wconf 78' lang='grc' dir='ltr'><strong><em>τῶν</em></strong></span> <span class='ocrx_word' id='word_1_15' title='bbox 2106 59 2198 133; x_wconf 81' lang='grc' dir='ltr'><strong>εἷς</strong></span> <span class='ocrx_word' id='word_1_16' title='bbox 2234 60 2583 144; x_wconf 75' lang='grc' dir='ltr'><strong><em>θεραπείαν</em></strong></span> <span class='ocrx_word' id='word_1_17' title='bbox 2623 63 2734 124; x_wconf 81' lang='grc' dir='ltr'><strong><em>α’ν-</em></strong></span> 
     </span>
     <span class='ocr_line' id='line_1_3' title="bbox 561 149 2739 242; baseline 0.002 -22"><span class='ocrx_word' id='word_1_18' title='bbox 561 150 842 242; x_wconf 72' lang='grc' dir='ltr'><strong><em>θρώπων</em></strong></span> <span class='ocrx_word' id='word_1_19' title='bbox 880 154 990 217; x_wconf 83' lang='grc' dir='ltr'>καί</span> <span class='ocrx_word' id='word_1_20' title='bbox 1033 155 1274 237; x_wconf 74' lang='grc' dir='ltr'><strong><em>κτηνῶν</em></strong></span> <span class='ocrx_word' id='word_1_21' title='bbox 1331 149 1789 236; x_wconf 76' lang='grc' dir='ltr'><strong><em>τυγχανόντων.</em></strong></span> <span class='ocrx_word' id='word_1_22' title='bbox 1871 161 2275 221; x_wconf 79' lang='grc' dir='ltr'><strong><em>σιτλολέκανα</em></strong></span> <span class='ocrx_word' id='word_1_23' title='bbox 2340 157 2588 242; x_wconf 79' lang='grc' dir='ltr'><em>ἀργυρᾶ</em></span> <span class='ocrx_word' id='word_1_24' title='bbox 2628 160 2739 224; x_wconf 74' lang='grc' dir='ltr'><strong>καὶ</strong></span> 
     </span>
     <span class='ocr_line' id='line_1_4' title="bbox 343 248 2768 342; baseline 0.001 -22"><span class='ocrx_word' id='word_1_25' title='bbox 343 251 951 339; x_wconf 60' lang='grc' dir='ltr'><strong>ω,8,ι,ἒπιχυτάρια</strong></span> <span class='ocrx_word' id='word_1_26' title='bbox 984 249 1146 334; x_wconf 78' lang='grc' dir='ltr'><strong><em>μετὰ</em></strong></span> <span class='ocrx_word' id='word_1_27' title='bbox 1187 250 1560 332; x_wconf 71' lang='grc' dir='ltr'><strong><em>ἐνδυμάτων</em></strong></span> <span class='ocrx_word' id='word_1_28' title='bbox 1600 248 1760 342; x_wconf 72' lang='grc' dir='ltr'><strong>λόγῳ</strong></span> <span class='ocrx_word' id='word_1_29' title='bbox 1799 255 1914 318; x_wconf 82' lang='grc' dir='ltr'><strong>τοῦ</strong></span> <span class='ocrx_word' id='word_1_30' title='bbox 1968 258 2314 338; x_wconf 81' lang='grc' dir='ltr'><strong><em>βασιλέως,</em></strong></span> <span class='ocrx_word' id='word_1_31' title='bbox 2380 258 2495 320; x_wconf 84' lang='grc' dir='ltr'><em>καί</em></span> <span class='ocrx_word' id='word_1_32' title='bbox 2550 257 2768 341; x_wconf 73' lang='grc' dir='ltr'><strong><em>ἕτεραό</em></strong></span> 
     </span>
     <span class='ocr_line' id='line_1_5' title="bbox 568 347 2735 440; baseline 0.001 -21"><span class='ocrx_word' id='word_1_33' title='bbox 568 348 974 439; x_wconf 80' lang='grc' dir='ltr'><strong><em>οἷσπρόχαλκα</em></strong></span> <span class='ocrx_word' id='word_1_34' title='bbox 1014 353 1126 415; x_wconf 72' lang='grc' dir='ltr'><strong>καὶ</strong></span> <span class='ocrx_word' id='word_1_35' title='bbox 1160 347 1412 435; x_wconf 76' lang='grc' dir='ltr'><strong><em>γανωτοὶ</em></strong></span> <span class='ocrx_word' id='word_1_36' title='bbox 1469 350 1631 439; x_wconf 76' lang='grc' dir='ltr'><strong><em>λόγῳ</em></strong></span> <span class='ocrx_word' id='word_1_37' title='bbox 1691 348 2013 439; x_wconf 72' lang='grc' dir='ltr'><strong><em>ἀρχόντων</em></strong></span> <span class='ocrx_word' id='word_1_38' title='bbox 2065 355 2176 420; x_wconf 82' lang='grc' dir='ltr'><em>καί</em></span> <span class='ocrx_word' id='word_1_39' title='bbox 2229 358 2499 439; x_wconf 63' lang='grc' dir='ltr'><strong><em>εὐγενῶν</em></strong></span> <span class='ocrx_word' id='word_1_40' title='bbox 2538 378 2735 440; x_wconf 73' lang='grc' dir='ltr'><strong><em>προσ-</em></strong></span> 
     </span>
     <span class='ocr_line' id='line_1_6' title="bbox 527 447 2734 544; baseline -0 -26"><span class='ocrx_word' id='word_1_41' title='bbox 527 451 532 456; x_wconf 67' lang='grc'><em>’</em></span> <span class='ocrx_word' id='word_1_42' title='bbox 570 453 789 542; x_wconf 77' lang='grc' dir='ltr'><strong><em>φύγων</em></strong></span> <span class='ocrx_word' id='word_1_43' title='bbox 807 499 827 518; x_wconf 93' lang='grc'><strong>.</strong></span> <span class='ocrx_word' id='word_1_44' title='bbox 905 447 1145 516; x_wconf 81' lang='grc' dir='ltr'><strong><em>πιλωτά</em></strong></span> <span class='ocrx_word' id='word_1_45' title='bbox 1187 447 1515 534; x_wconf 56' lang='lat' dir='ltr'><strong>&amp;mama</strong></span> <span class='ocrx_word' id='word_1_46' title='bbox 1556 455 1770 536; x_wconf 83' lang='grc' dir='ltr'><strong><em>παχέα</em></strong></span> <span class='ocrx_word' id='word_1_47' title='bbox 1811 455 1925 517; x_wconf 78' lang='grc' dir='ltr'><em>καί</em></span> <span class='ocrx_word' id='word_1_48' title='bbox 1962 453 2152 519; x_wconf 78' lang='grc' dir='ltr'><strong><em>πτενοὶ</em></strong></span> <span class='ocrx_word' id='word_1_49' title='bbox 2197 453 2359 544; x_wconf 77' lang='grc' dir='ltr'><strong><em>λόγῳ</em></strong></span> <span class='ocrx_word' id='word_1_50' title='bbox 2399 457 2514 521; x_wconf 73' lang='grc' dir='ltr'><strong>τοῦ</strong></span> <span class='ocrx_word' id='word_1_51' title='bbox 2552 459 2734 538; x_wconf 88' lang='grc' dir='ltr'><strong><em>βασι-</em></strong></span> 
     </span>
     <span class='ocr_line' id='line_1_7' title="bbox 512 546 2733 642; baseline 0 -24"><span class='ocrx_word' id='word_1_52' title='bbox 512 554 728 628; x_wconf 60' lang='lat' dir='ltr'><strong>clame</strong></span> <span class='ocrx_word' id='word_1_53' title='bbox 796 547 904 615; x_wconf 79' lang='grc' dir='ltr'><strong>διὰ</strong></span> <span class='ocrx_word' id='word_1_54' title='bbox 965 546 1045 614; x_wconf 80' lang='grc' dir='ltr'><strong>τά</strong></span> <span class='ocrx_word' id='word_1_55' title='bbox 1104 550 1563 633; x_wconf 82' lang='grc' dir='ltr'><strong><em>χαμόκουμβα·</em></strong></span> <span class='ocrx_word' id='word_1_56' title='bbox 1660 553 1880 617; x_wconf 83' lang='grc' dir='ltr'><strong><em>σελλιά</em></strong></span> <span class='ocrx_word' id='word_1_57' title='bbox 1937 549 2055 616; x_wconf 75' lang='grc' dir='ltr'><strong>δύο</strong></span> <span class='ocrx_word' id='word_1_58' title='bbox 2115 555 2230 638; x_wconf 80' lang='grc' dir='ltr'><strong>τῆς</strong></span> <span class='ocrx_word' id='word_1_59' title='bbox 2294 552 2733 642; x_wconf 75' lang='grc' dir='ltr'><strong><em>πρρελεῦσεως,</em></strong></span> 
     </span>
     <span class='ocr_line' id='line_1_8' title="bbox 566 646 2734 740; baseline -0.001 -22"><span class='ocrx_word' id='word_1_60' title='bbox 566 648 781 720; x_wconf 69' lang='grc' dir='ltr'><strong><em>σελλία</em></strong></span> <span class='ocrx_word' id='word_1_61' title='bbox 819 652 935 714; x_wconf 79' lang='grc' dir='ltr'><strong>τοῦ</strong></span> <span class='ocrx_word' id='word_1_62' title='bbox 978 646 1419 731; x_wconf 74' lang='grc' dir='ltr'><strong><em>κουκουμιλίου</em></strong></span> <span class='ocrx_word' id='word_1_63' title='bbox 1457 646 1745 714; x_wconf 76' lang='grc' dir='ltr'><strong><em>όλόκανα</em></strong></span> <span class='ocrx_word' id='word_1_64' title='bbox 1771 650 2095 736; x_wconf 78' lang='grc' dir='ltr'><strong><em>διάχρυσα</em></strong></span> <span class='ocrx_word' id='word_1_65' title='bbox 2137 650 2356 734; x_wconf 68' lang='grc' dir='ltr'><strong>κοπετοὶ,</strong></span> <span class='ocrx_word' id='word_1_66' title='bbox 2424 652 2734 740; x_wconf 73' lang='grc' dir='ltr'><strong><em>ἐπιστρώ-</em></strong></span> 
     </span>
    </p>

    <p class='ocr_par' dir='ltr' id='par_1_2' title="bbox 564 742 2810 1231">
     <span class='ocr_line' id='line_1_9' title="bbox 564 742 2810 835; baseline 0.002 -21"><span class='ocrx_word' id='word_1_67' title='bbox 564 774 740 834; x_wconf 84' lang='grc' dir='ltr'><strong><em>ματα</em></strong></span> <span class='ocrx_word' id='word_1_68' title='bbox 781 744 1002 831; x_wconf 58' lang='grc' dir='ltr'><strong><em>ἔχοντα</em></strong></span> <span class='ocrx_word' id='word_1_69' title='bbox 1017 799 1038 829; x_wconf 83' lang='grc'>,</span> <span class='ocrx_word' id='word_1_70' title='bbox 1079 749 1192 813; x_wconf 74' lang='grc' dir='ltr'><strong>καὶ</strong></span> <span class='ocrx_word' id='word_1_71' title='bbox 1227 749 1413 833; x_wconf 73' lang='grc' dir='ltr'><strong><em>ἕτερα</em></strong></span> <span class='ocrx_word' id='word_1_72' title='bbox 1453 747 1898 833; x_wconf 73' lang='grc' dir='ltr'><strong><em>ἐπιστρώματα</em></strong></span> <span class='ocrx_word' id='word_1_73' title='bbox 1937 742 2185 816; x_wconf 72' lang='grc' dir='ltr'><strong><em>ἄνωθεν</em></strong></span> <span class='ocrx_word' id='word_1_74' title='bbox 2228 748 2810 835; x_wconf 73' lang='grc' dir='ltr'><strong><em>συγκαλύπτονταίο</em></strong></span> 
     </span>
     <span class='ocr_line' id='line_1_10' title="bbox 565 843 2735 937; baseline 0.001 -24"><span class='ocrx_word' id='word_1_75' title='bbox 565 846 685 932; x_wconf 71' lang='grc' dir='ltr'><strong><em>τὴν</em></strong></span> <span class='ocrx_word' id='word_1_76' title='bbox 723 843 921 930; x_wconf 80' lang='grc' dir='ltr'><strong><em>κοπὴν</em></strong></span> <span class='ocrx_word' id='word_1_77' title='bbox 960 850 1071 931; x_wconf 79' lang='grc' dir='ltr'><strong>τῆς</strong></span> <span class='ocrx_word' id='word_1_78' title='bbox 1107 848 1369 931; x_wconf 81' lang='grc' dir='ltr'><strong><em>χρείας·</em></strong></span> <span class='ocrx_word' id='word_1_79' title='bbox 1451 848 1564 912; x_wconf 84' lang='grc' dir='ltr'>καί</span> <span class='ocrx_word' id='word_1_80' title='bbox 1615 849 1777 935; x_wconf 77' lang='grc' dir='ltr'><strong><em>λόγῳ</em></strong></span> <span class='ocrx_word' id='word_1_81' title='bbox 1834 852 1964 914; x_wconf 69' lang='grc' dir='ltr'><strong><em>τῶν</em></strong></span> <span class='ocrx_word' id='word_1_82' title='bbox 2023 845 2293 934; x_wconf 77' lang='grc' dir='ltr'><strong><em>εὖγενῶν</em></strong></span> <span class='ocrx_word' id='word_1_83' title='bbox 2350 849 2735 937; x_wconf 65' lang='grc' dir='ltr'><strong><em>ἀεροσφύγων</em></strong></span> 
     </span>
     <span class='ocr_line' id='line_1_11' title="bbox 566 942 2738 1032; baseline 0.001 -22"><span class='ocrx_word' id='word_1_84' title='bbox 566 949 754 1031; x_wconf 72' lang='grc' dir='ltr'><strong><em>ἕτερα</em></strong></span> <span class='ocrx_word' id='word_1_85' title='bbox 795 947 1059 1010; x_wconf 72' lang='grc' dir='ltr'><strong><em>τοιαῦτα</em></strong></span> <span class='ocrx_word' id='word_1_86' title='bbox 1104 942 1757 1032; x_wconf 79' lang='grc' dir='ltr'><strong><em>α’ργυροκατάκλειπα</em></strong></span> <span class='ocrx_word' id='word_1_87' title='bbox 1792 942 1909 1011; x_wconf 77' lang='grc' dir='ltr'><strong>δύο</strong></span> <span class='ocrx_word' id='word_1_88' title='bbox 1926 970 1949 991; x_wconf 86' lang='grc'><em>·</em></span> <span class='ocrx_word' id='word_1_89' title='bbox 2010 950 2241 1013; x_wconf 77' lang='grc' dir='ltr'><strong><em>καυκία</em></strong></span> <span class='ocrx_word' id='word_1_90' title='bbox 2277 947 2576 1030; x_wconf 76' lang='grc' dir='ltr'><strong><em>βασιλικοὶ</em></strong></span> <span class='ocrx_word' id='word_1_91' title='bbox 2614 974 2738 1032; x_wconf 84' lang='grc' dir='ltr'><strong>χα-</strong></span> 
     </span>
     <span class='ocr_line' id='line_1_12' title="bbox 565 1043 2739 1134; baseline 0.001 -23"><span class='ocrx_word' id='word_1_92' title='bbox 565 1047 778 1123; x_wconf 80' lang='grc' dir='ltr'><strong><em>λίνζια</em></strong></span> <span class='ocrx_word' id='word_1_93' title='bbox 820 1045 982 1132; x_wconf 75' lang='grc' dir='ltr'><strong><em>λόγῳ</em></strong></span> <span class='ocrx_word' id='word_1_94' title='bbox 1024 1046 1150 1109; x_wconf 76' lang='grc' dir='ltr'><strong><em>τῶν</em></strong></span> <span class='ocrx_word' id='word_1_95' title='bbox 1190 1046 1394 1132; x_wconf 80' lang='grc' dir='ltr'><strong><em>φίλων</em></strong></span> <span class='ocrx_word' id='word_1_96' title='bbox 1430 1048 1556 1110; x_wconf 74' lang='grc' dir='ltr'><strong><em>τῶν</em></strong></span> <span class='ocrx_word' id='word_1_97' title='bbox 1607 1043 1772 1126; x_wconf 82' lang='grc' dir='ltr'><strong><em>μετά</em></strong></span> <span class='ocrx_word' id='word_1_98' title='bbox 1835 1048 1950 1109; x_wconf 75' lang='grc' dir='ltr'><strong><em>τοῦ·</em></strong></span> <span class='ocrx_word' id='word_1_99' title='bbox 1986 1050 2296 1129; x_wconf 82' lang='grc' dir='ltr'><strong><em>βασιλέως</em></strong></span> <span class='ocrx_word' id='word_1_100' title='bbox 2356 1057 2739 1134; x_wconf 84' lang='grc' dir='ltr'><strong><em>κλητωρευο-</em></strong></span> 
     </span>
     <span class='ocr_line' id='line_1_13' title="bbox 564 1138 2738 1231; baseline 0.002 -22"><span class='ocrx_word' id='word_1_101' title='bbox 564 1145 809 1228; x_wconf 84' lang='grc' dir='ltr'><strong><em>μένων·</em></strong></span> <span class='ocrx_word' id='word_1_102' title='bbox 888 1144 1137 1209; x_wconf 64' lang='grc' dir='ltr'><strong><em>σπαθία</em></strong></span> <span class='ocrx_word' id='word_1_103' title='bbox 1176 1140 1477 1227; x_wconf 79' lang='grc' dir='ltr'><strong><em>βασιλικά</em></strong></span> <span class='ocrx_word' id='word_1_104' title='bbox 1519 1138 1634 1207; x_wconf 78' lang='grc' dir='ltr'><strong>δύο</strong></span> <span class='ocrx_word' id='word_1_105' title='bbox 1652 1193 1673 1225; x_wconf 85' lang='grc'><strong><em>,</em></strong></span> <span class='ocrx_word' id='word_1_106' title='bbox 1739 1144 1809 1209; x_wconf 79' lang='grc' dir='ltr'><strong><em>ἓν</em></strong></span> <span class='ocrx_word' id='word_1_107' title='bbox 1848 1147 1963 1228; x_wconf 80' lang='grc' dir='ltr'><strong>τῆς</strong></span> <span class='ocrx_word' id='word_1_108' title='bbox 2005 1143 2465 1231; x_wconf 79' lang='grc' dir='ltr'><strong><em>προελεύσεως,</em></strong></span> <span class='ocrx_word' id='word_1_109' title='bbox 2525 1149 2637 1212; x_wconf 78' lang='grc' dir='ltr'><strong>καὶ</strong></span> <span class='ocrx_word' id='word_1_110' title='bbox 2671 1151 2738 1213; x_wconf 82' lang='grc' dir='ltr'><strong><em>ἓν</em></strong></span> 
     </span>
    </p>

    <p class='ocr_par' dir='ltr' id='par_1_3' title="bbox 502 1240 2811 1628">
     <span class='ocr_line' id='line_1_14' title="bbox 565 1240 2811 1333; baseline 0.003 -27"><span class='ocrx_word' id='word_1_111' title='bbox 565 1246 676 1328; x_wconf 75' lang='grc' dir='ltr'><strong>τῆς</strong></span> <span class='ocrx_word' id='word_1_112' title='bbox 716 1241 898 1310; x_wconf 71' lang='grc' dir='ltr'><strong><em>ὁδοῦ.</em></strong></span> <span class='ocrx_word' id='word_1_113' title='bbox 979 1241 1382 1329; x_wconf 85' lang='grc' dir='ltr'><strong><em>παραμήριον</em></strong></span> <span class='ocrx_word' id='word_1_114' title='bbox 1425 1246 1529 1307; x_wconf 79' lang='grc' dir='ltr'><strong><em>ἓν.</em></strong></span> <span class='ocrx_word' id='word_1_115' title='bbox 1615 1240 1913 1324; x_wconf 79' lang='grc' dir='ltr'><strong><em>άλειπτά,</em></strong></span> <span class='ocrx_word' id='word_1_116' title='bbox 1988 1248 2388 1328; x_wconf 76' lang='grc' dir='ltr'><strong><em>καπνίσματα</em></strong></span> <span class='ocrx_word' id='word_1_117' title='bbox 2437 1248 2811 1333; x_wconf 74' lang='grc' dir='ltr'><strong><em>διάφορα,ιό</em></strong></span> 
     </span>
     <span class='ocr_line' id='line_1_15' title="bbox 565 1336 2736 1431; baseline 0 -23"><span class='ocrx_word' id='word_1_118' title='bbox 565 1344 903 1425; x_wconf 72' lang='grc' dir='ltr'><strong><em>θυμίαμα,</em></strong></span> <span class='ocrx_word' id='word_1_119' title='bbox 942 1343 1297 1426; x_wconf 77' lang='grc' dir='ltr'><strong><em>μαστίχην,</em></strong></span> <span class='ocrx_word' id='word_1_120' title='bbox 1341 1344 1628 1424; x_wconf 65' lang='grc' dir='ltr'><strong><em>λιβανον,</em></strong></span> <span class='ocrx_word' id='word_1_121' title='bbox 1679 1336 1920 1428; x_wconf 82' lang='grc' dir='ltr'><strong><em>σάχαρ,</em></strong></span> <span class='ocrx_word' id='word_1_122' title='bbox 1967 1339 2229 1428; x_wconf 84' lang='grc' dir='ltr'><strong><em>κρόκον,</em></strong></span> <span class='ocrx_word' id='word_1_123' title='bbox 2281 1343 2563 1431; x_wconf 79' lang='grc' dir='ltr'><strong><em>μόσχον,</em></strong></span> <span class='ocrx_word' id='word_1_124' title='bbox 2608 1338 2736 1427; x_wconf 75' lang='grc' dir='ltr'><strong>ἆμ-</strong></span> 
     </span>
     <span class='ocr_line' id='line_1_16' title="bbox 502 1437 2736 1530; baseline 0.001 -23"><span class='ocrx_word' id='word_1_125' title='bbox 502 1456 718 1528; x_wconf 74' lang='grc' dir='ltr'><strong><em>Βπαρ,</em></strong></span> <span class='ocrx_word' id='word_1_126' title='bbox 760 1439 1070 1525; x_wconf 76' lang='grc' dir='ltr'><strong><em>ξυλαλοῆν</em></strong></span> <span class='ocrx_word' id='word_1_127' title='bbox 1111 1437 1317 1526; x_wconf 72' lang='grc' dir='ltr'><strong><em>ὑγρὰν</em></strong></span> <span class='ocrx_word' id='word_1_128' title='bbox 1356 1439 1470 1504; x_wconf 72' lang='grc' dir='ltr'><strong>καὶ</strong></span> <span class='ocrx_word' id='word_1_129' title='bbox 1508 1440 1725 1526; x_wconf 79' lang='grc' dir='ltr'><strong><em>ξηράν,</em></strong></span> <span class='ocrx_word' id='word_1_130' title='bbox 1765 1439 2162 1524; x_wconf 84' lang='grc' dir='ltr'><strong><em>κιννάμωμον</em></strong></span> <span class='ocrx_word' id='word_1_131' title='bbox 2214 1438 2515 1528; x_wconf 71' lang='grc' dir='ltr'><strong><em>ἀληθινόν</em></strong></span> <span class='ocrx_word' id='word_1_132' title='bbox 2558 1446 2736 1530; x_wconf 75' lang='grc' dir='ltr'><strong>πρῶ-</strong></span> 
     </span>
     <span class='ocr_line' id='line_1_17' title="bbox 565 1534 2735 1628; baseline -0 -20"><span class='ocrx_word' id='word_1_133' title='bbox 565 1564 677 1608; x_wconf 85' lang='grc' dir='ltr'><strong><em>τον</em></strong></span> <span class='ocrx_word' id='word_1_134' title='bbox 706 1538 817 1607; x_wconf 75' lang='grc' dir='ltr'><strong>καὶ</strong></span> <span class='ocrx_word' id='word_1_135' title='bbox 844 1534 1157 1627; x_wconf 76' lang='grc' dir='ltr'><strong><em>δεύτερον,</em></strong></span> <span class='ocrx_word' id='word_1_136' title='bbox 1201 1537 1314 1605; x_wconf 74' lang='grc' dir='ltr'><strong>καὶ</strong></span> <span class='ocrx_word' id='word_1_137' title='bbox 1343 1534 1916 1625; x_wconf 75' lang='grc' dir='ltr'><strong><em>ξυλοκιννάμωμον,</em></strong></span> <span class='ocrx_word' id='word_1_138' title='bbox 1955 1542 2323 1628; x_wconf 77' lang='grc' dir='ltr'><strong><em>μυρίσματα</em></strong></span> <span class='ocrx_word' id='word_1_139' title='bbox 2344 1539 2555 1609; x_wconf 79' lang='grc' dir='ltr'><strong><em>λοιπά.</em></strong></span> <span class='ocrx_word' id='word_1_140' title='bbox 2593 1566 2735 1609; x_wconf 83' lang='grc' dir='ltr'><strong><em>σεν-</em></strong></span> 
     </span>
    </p>
   </div>
   <div class='ocr_carea' id='block_1_2' title="bbox 566 1844 2743 3677">
    <p class='ocr_par' dir='ltr' id='par_1_4' title="bbox 566 1844 2743 3677">
     <span class='ocr_line' id='line_1_18' title="bbox 570 1844 2738 1918; baseline 0 -19"><span class='ocrx_word' id='word_1_141' title='bbox 570 1862 682 1918; x_wconf 84' lang='lat' dir='ltr'><strong>que</strong></span> <span class='ocrx_word' id='word_1_142' title='bbox 738 1844 1057 1904; x_wconf 77' lang='lat' dir='ltr'><strong>vestiarium</strong></span> <span class='ocrx_word' id='word_1_143' title='bbox 1106 1844 1432 1910; x_wconf 78' lang='lat' dir='ltr'><strong>theriacam,</strong></span> <span class='ocrx_word' id='word_1_144' title='bbox 1471 1846 1681 1899; x_wconf 83' lang='lat' dir='ltr'><strong>enitzin</strong></span> <span class='ocrx_word' id='word_1_145' title='bbox 1742 1844 1961 1916; x_wconf 83' lang='lat' dir='ltr'><strong>aliaque</strong></span> <span class='ocrx_word' id='word_1_146' title='bbox 1997 1846 2400 1917; x_wconf 83' lang='lat' dir='ltr'><strong>antipharmaca</strong></span> <span class='ocrx_word' id='word_1_147' title='bbox 2434 1848 2738 1917; x_wconf 77' lang='lat' dir='ltr'><strong>composita</strong></span> 
     </span>
     <span class='ocr_line' id='line_1_19' title="bbox 568 1915 2734 1987; baseline -0 -16"><span class='ocrx_word' id='word_1_148' title='bbox 568 1928 628 1971; x_wconf 82' lang='lat' dir='ltr'><strong>et</strong></span> <span class='ocrx_word' id='word_1_149' title='bbox 663 1917 931 1986; x_wconf 85' lang='lat' dir='ltr'><strong>simplicia</strong></span> <span class='ocrx_word' id='word_1_150' title='bbox 967 1934 1068 1986; x_wconf 87' lang='lat' dir='ltr'><strong>pro</strong></span> <span class='ocrx_word' id='word_1_151' title='bbox 1106 1917 1208 1981; x_wconf 84' lang='lat' dir='ltr'><strong>iis,</strong></span> <span class='ocrx_word' id='word_1_152' title='bbox 1243 1919 1343 1987; x_wconf 87' lang='lat' dir='ltr'><strong>qui</strong></span> <span class='ocrx_word' id='word_1_153' title='bbox 1395 1917 1538 1968; x_wconf 83' lang='lat' dir='ltr'><strong>sorte</strong></span> <span class='ocrx_word' id='word_1_154' title='bbox 1587 1932 1857 1968; x_wconf 80' lang='lat' dir='ltr'><strong>venenum</strong></span> <span class='ocrx_word' id='word_1_155' title='bbox 1894 1915 2202 1983; x_wconf 79' lang='lat' dir='ltr'><strong>hauserint3</strong></span> <span class='ocrx_word' id='word_1_156' title='bbox 2239 1915 2535 1986; x_wconf 70' lang='lat' dir='ltr'><strong>pandectas</strong></span> <span class='ocrx_word' id='word_1_157' title='bbox 2571 1935 2734 1986; x_wconf 90' lang='lat' dir='ltr'><strong>porro</strong></span> 
     </span>
     <span class='ocr_line' id='line_1_20' title="bbox 568 1986 2737 2056; baseline 0 -16"><span class='ocrx_word' id='word_1_158' title='bbox 568 2004 664 2040; x_wconf 84' lang='lat' dir='ltr'><strong>seu</strong></span> <span class='ocrx_word' id='word_1_159' title='bbox 704 1986 994 2056; x_wconf 75' lang='lat' dir='ltr'><strong>apothecas</strong></span> <span class='ocrx_word' id='word_1_160' title='bbox 1046 1987 1404 2051; x_wconf 83' lang='lat' dir='ltr'><strong>universales,</strong></span> <span class='ocrx_word' id='word_1_161' title='bbox 1452 1986 1678 2039; x_wconf 75' lang='lat' dir='ltr'><strong>refertas</strong></span> <span class='ocrx_word' id='word_1_162' title='bbox 1735 1988 1909 2038; x_wconf 86' lang='lat' dir='ltr'><strong>omnis</strong></span> <span class='ocrx_word' id='word_1_163' title='bbox 1959 1989 2170 2055; x_wconf 85' lang='lat' dir='ltr'><strong>generis</strong></span> <span class='ocrx_word' id='word_1_164' title='bbox 2212 1988 2445 2044; x_wconf 78' lang='lat' dir='ltr'><strong>oleiset</strong></span> <span class='ocrx_word' id='word_1_165' title='bbox 2481 1988 2737 2041; x_wconf 82' lang='lat' dir='ltr'><strong>remediis</strong></span> 
     </span>
     <span class='ocr_line' id='line_1_21' title="bbox 568 2057 2741 2132; baseline 0 -23"><span class='ocrx_word' id='word_1_166' title='bbox 568 2065 627 2109; x_wconf 80' lang='lat' dir='ltr'><strong>et</strong></span> <span class='ocrx_word' id='word_1_167' title='bbox 659 2058 961 2126; x_wconf 76' lang='lat' dir='ltr'><strong>emplastris</strong></span> <span class='ocrx_word' id='word_1_168' title='bbox 999 2064 1056 2108; x_wconf 82' lang='lat' dir='ltr'><strong>et</strong></span> <span class='ocrx_word' id='word_1_169' title='bbox 1093 2057 1331 2109; x_wconf 85' lang='lat' dir='ltr'><strong>illitibus</strong></span> <span class='ocrx_word' id='word_1_170' title='bbox 1368 2065 1426 2109; x_wconf 82' lang='lat' dir='ltr'><strong>et</strong></span> <span class='ocrx_word' id='word_1_171' title='bbox 1460 2076 1536 2108; x_wconf 87' lang='lat' dir='ltr'><strong>un</strong></span> <span class='ocrx_word' id='word_1_172' title='bbox 1573 2058 1752 2108; x_wconf 86' lang='lat' dir='ltr'><strong>uentis</strong></span> <span class='ocrx_word' id='word_1_173' title='bbox 1788 2058 2019 2126; x_wconf 85' lang='lat' dir='ltr'><strong>aliisque</strong></span> <span class='ocrx_word' id='word_1_174' title='bbox 2059 2058 2346 2132; x_wconf 72' lang='lat' dir='ltr'><strong>speciebus</strong></span> <span class='ocrx_word' id='word_1_175' title='bbox 2377 2059 2640 2120; x_wconf 85' lang='lat' dir='ltr'><strong>medicis,</strong></span> <span class='ocrx_word' id='word_1_176' title='bbox 2675 2064 2741 2109; x_wconf 78' lang='lat' dir='ltr'><strong>ut</strong></span> 
     </span>
     <span class='ocr_line' id='line_1_22' title="bbox 568 2126 2741 2198; baseline 0 -19"><span class='ocrx_word' id='word_1_177' title='bbox 568 2127 759 2179; x_wconf 80' lang='lat' dir='ltr'><strong>herbis</strong></span> <span class='ocrx_word' id='word_1_178' title='bbox 800 2135 857 2180; x_wconf 88' lang='lat' dir='ltr'><strong>et</strong></span> <span class='ocrx_word' id='word_1_179' title='bbox 894 2128 1036 2190; x_wconf 84' lang='lat' dir='ltr'><strong>aliis,</strong></span> <span class='ocrx_word' id='word_1_180' title='bbox 1073 2144 1213 2198; x_wconf 89' lang='lat' dir='ltr'><strong>quae</strong></span> <span class='ocrx_word' id='word_1_181' title='bbox 1252 2127 1506 2180; x_wconf 74' lang='lat' dir='ltr'>sanandis</span> <span class='ocrx_word' id='word_1_182' title='bbox 1585 2126 1858 2178; x_wconf 86' lang='lat' dir='ltr'><strong>ominibus</strong></span> <span class='ocrx_word' id='word_1_183' title='bbox 1896 2127 2196 2198; x_wconf 76' lang='lat' dir='ltr'><strong>bestiisque</strong></span> <span class='ocrx_word' id='word_1_184' title='bbox 2234 2128 2571 2193; x_wconf 79' lang='lat' dir='ltr'><strong>conducunt3</strong></span> <span class='ocrx_word' id='word_1_185' title='bbox 2607 2128 2741 2179; x_wconf 86' lang='lat' dir='ltr'><strong>item</strong></span> 
     </span>
     <span class='ocr_line' id='line_1_23' title="bbox 568 2198 2739 2270; baseline -0 -20"><span class='ocrx_word' id='word_1_186' title='bbox 568 2199 891 2251; x_wconf 81' lang='lat' dir='ltr'><strong>sitlolecana</strong></span> <span class='ocrx_word' id='word_1_187' title='bbox 942 2215 1037 2249; x_wconf 87' lang='lat' dir='ltr'><strong>seu</strong></span> <span class='ocrx_word' id='word_1_188' title='bbox 1090 2199 1424 2266; x_wconf 76' lang='lat' dir='ltr'><strong>guttai-nium</strong></span> <span class='ocrx_word' id='word_1_189' title='bbox 1479 2214 1603 2249; x_wconf 88' lang='lat' dir='ltr'><strong>cum</strong></span> <span class='ocrx_word' id='word_1_190' title='bbox 1639 2199 1920 2266; x_wconf 87' lang='lat' dir='ltr'><strong>supposita</strong></span> <span class='ocrx_word' id='word_1_191' title='bbox 1955 2198 2130 2265; x_wconf 82' lang='lat' dir='ltr'><strong>pelvi,</strong></span> <span class='ocrx_word' id='word_1_192' title='bbox 2164 2200 2324 2252; x_wconf 87' lang='lat' dir='ltr'><strong>ambo</strong></span> <span class='ocrx_word' id='word_1_193' title='bbox 2361 2209 2642 2270; x_wconf 79' lang='lat' dir='ltr'><strong>argentea,</strong></span> <span class='ocrx_word' id='word_1_194' title='bbox 2677 2202 2739 2250; x_wconf 87' lang='lat' dir='ltr'><strong>in</strong></span> 
     </span>
     <span class='ocr_line' id='line_1_24' title="bbox 573 2267 2739 2338; baseline -0 -18"><span class='ocrx_word' id='word_1_195' title='bbox 573 2268 833 2321; x_wconf 73' lang='lat' dir='ltr'><strong>coriaceis</strong></span> <span class='ocrx_word' id='word_1_196' title='bbox 868 2267 979 2319; x_wconf 85' lang='lat' dir='ltr'><strong>suis</strong></span> <span class='ocrx_word' id='word_1_197' title='bbox 1021 2269 1345 2330; x_wconf 79' lang='lat' dir='ltr'><strong>involucris,</strong></span> <span class='ocrx_word' id='word_1_198' title='bbox 1379 2284 1478 2337; x_wconf 86' lang='lat' dir='ltr'><strong>pro</strong></span> <span class='ocrx_word' id='word_1_199' title='bbox 1515 2284 1617 2318; x_wconf 82' lang='lat' dir='ltr'><strong>usu</strong></span> <span class='ocrx_word' id='word_1_200' title='bbox 1654 2268 1997 2336; x_wconf 81' lang='lat' dir='ltr'><strong>Imperatoris</strong></span> <span class='ocrx_word' id='word_1_201' title='bbox 2031 2269 2278 2338; x_wconf 85' lang='lat' dir='ltr'><strong>proprio;</strong></span> <span class='ocrx_word' id='word_1_202' title='bbox 2309 2270 2418 2321; x_wconf 86' lang='lat' dir='ltr'><strong>alia</strong></span> <span class='ocrx_word' id='word_1_203' title='bbox 2453 2271 2579 2321; x_wconf 85' lang='lat' dir='ltr'><strong>talia</strong></span> <span class='ocrx_word' id='word_1_204' title='bbox 2613 2283 2739 2319; x_wconf 80' lang='lat' dir='ltr'><strong>vasa</strong></span> 
     </span>
     <span class='ocr_line' id='line_1_25' title="bbox 573 2336 2738 2407; baseline 0 -17"><span class='ocrx_word' id='word_1_205' title='bbox 573 2355 775 2402; x_wconf 83' lang='lat' dir='ltr'><strong>aenea,</strong></span> <span class='ocrx_word' id='word_1_206' title='bbox 816 2347 1038 2389; x_wconf 78' lang='lat' dir='ltr'><strong>externe</strong></span> <span class='ocrx_word' id='word_1_207' title='bbox 1073 2347 1324 2407; x_wconf 86' lang='lat' dir='ltr'><strong>argento,</strong></span> <span class='ocrx_word' id='word_1_208' title='bbox 1352 2338 1568 2390; x_wconf 87' lang='lat' dir='ltr'><strong>interne</strong></span> <span class='ocrx_word' id='word_1_209' title='bbox 1608 2347 1800 2389; x_wconf 82' lang='lat' dir='ltr'><strong>stanno</strong></span> <span class='ocrx_word' id='word_1_210' title='bbox 1836 2336 2072 2406; x_wconf 74' lang='lat' dir='ltr'><strong>obducta</strong></span> <span class='ocrx_word' id='word_1_211' title='bbox 2111 2339 2172 2390; x_wconf 91' lang='lat' dir='ltr'><strong>in</strong></span> <span class='ocrx_word' id='word_1_212' title='bbox 2209 2356 2362 2391; x_wconf 87' lang='lat' dir='ltr'><strong>usum</strong></span> <span class='ocrx_word' id='word_1_213' title='bbox 2393 2340 2594 2393; x_wconf 84' lang='lat' dir='ltr'><strong>ducum</strong></span> <span class='ocrx_word' id='word_1_214' title='bbox 2632 2340 2738 2391; x_wconf 87' lang='lat' dir='ltr'><strong>mi-</strong></span> 
     </span>
     <span class='ocr_line' id='line_1_26' title="bbox 575 2406 2735 2478; baseline -0 -17"><span class='ocrx_word' id='word_1_215' title='bbox 575 2409 819 2462; x_wconf 85' lang='lat' dir='ltr'><strong>litarium</strong></span> <span class='ocrx_word' id='word_1_216' title='bbox 862 2416 918 2461; x_wconf 84' lang='lat' dir='ltr'><strong>et</strong></span> <span class='ocrx_word' id='word_1_217' title='bbox 955 2408 1347 2478; x_wconf 82' lang='lat' dir='ltr'><strong>transfugarum</strong></span> <span class='ocrx_word' id='word_1_218' title='bbox 1385 2406 1736 2461; x_wconf 88' lang='lat' dir='ltr'><strong>nobiliorum.</strong></span> <span class='ocrx_word' id='word_1_219' title='bbox 1808 2406 2074 2460; x_wconf 85' lang='lat' dir='ltr'><strong>Coactilia</strong></span> <span class='ocrx_word' id='word_1_220' title='bbox 2147 2426 2270 2462; x_wconf 86' lang='lat' dir='ltr'><strong>orro</strong></span> <span class='ocrx_word' id='word_1_221' title='bbox 2325 2407 2561 2463; x_wconf 85' lang='lat' dir='ltr'><strong>diblatta</strong></span> <span class='ocrx_word' id='word_1_222' title='bbox 2597 2408 2735 2460; x_wconf 89' lang='lat' dir='ltr'><strong>den-</strong></span> 
     </span>
     <span class='ocr_line' id='line_1_27' title="bbox 573 2477 2738 2552; baseline -0.001 -21"><span class='ocrx_word' id='word_1_223' title='bbox 573 2497 634 2532; x_wconf 87' lang='lat' dir='ltr'><strong>sa</strong></span> <span class='ocrx_word' id='word_1_224' title='bbox 671 2490 729 2532; x_wconf 85' lang='lat' dir='ltr'><strong>et</strong></span> <span class='ocrx_word' id='word_1_225' title='bbox 761 2487 927 2548; x_wconf 84' lang='lat' dir='ltr'><strong>ptena</strong></span> <span class='ocrx_word' id='word_1_226' title='bbox 968 2477 1130 2549; x_wconf 78' lang='lat' dir='ltr'><strong>[forte</strong></span> <span class='ocrx_word' id='word_1_227' title='bbox 1168 2480 1419 2531; x_wconf 87' lang='lat' dir='ltr'><strong>culcitras</strong></span> <span class='ocrx_word' id='word_1_228' title='bbox 1461 2478 1662 2547; x_wconf 85' lang='lat' dir='ltr'><strong>plumis</strong></span> <span class='ocrx_word' id='word_1_229' title='bbox 1697 2478 1944 2552; x_wconf 82' lang='lat' dir='ltr'><strong>refertas]</strong></span> <span class='ocrx_word' id='word_1_230' title='bbox 1978 2494 2076 2547; x_wconf 88' lang='lat' dir='ltr'><strong>pro</strong></span> <span class='ocrx_word' id='word_1_231' title='bbox 2139 2489 2472 2547; x_wconf 82' lang='lat' dir='ltr'><strong>mperatore‚</strong></span> <span class='ocrx_word' id='word_1_232' title='bbox 2512 2480 2568 2531; x_wconf 89' lang='lat' dir='ltr'><strong>in</strong></span> <span class='ocrx_word' id='word_1_233' title='bbox 2645 2480 2738 2530; x_wconf 88' lang='lat' dir='ltr'><strong>ui-</strong></span> 
     </span>
     <span class='ocr_line' id='line_1_28' title="bbox 572 2496 2733 2621; baseline -0.001 -20"><span class='ocrx_word' id='word_1_234' title='bbox 572 2550 678 2602; x_wconf 85' lang='lat' dir='ltr'><strong>bus</strong></span> <span class='ocrx_word' id='word_1_235' title='bbox 725 2549 876 2601; x_wconf 87' lang='lat' dir='ltr'><strong>humi</strong></span> <span class='ocrx_word' id='word_1_236' title='bbox 925 2549 1181 2615; x_wconf 77' lang='lat' dir='ltr'><strong>recubet3</strong></span> <span class='ocrx_word' id='word_1_237' title='bbox 1228 2551 1390 2602; x_wconf 84' lang='lat' dir='ltr'><strong>sellas</strong></span> <span class='ocrx_word' id='word_1_238' title='bbox 1466 2549 1715 2621; x_wconf 85' lang='lat' dir='ltr'><strong>equinas]</strong></span> <span class='ocrx_word' id='word_1_239' title='bbox 1766 2548 1896 2601; x_wconf 82' lang='lat' dir='ltr'><strong>duas</strong></span> <span class='ocrx_word' id='word_1_240' title='bbox 1944 2551 2304 2618; x_wconf 83' lang='lat' dir='ltr'><strong>processionis</strong></span> <span class='ocrx_word' id='word_1_241' title='bbox 2359 2553 2493 2617; x_wconf 89' lang='lat' dir='ltr'><strong>[seu</strong></span> <span class='ocrx_word' id='word_1_242' title='bbox 2528 2496 2733 2617; x_wconf 62' lang='lat' dir='ltr'><strong>quibu·</strong></span> 
     </span>
     <span class='ocr_line' id='line_1_29' title="bbox 572 2617 2731 2688; baseline -0 -16"><span class='ocrx_word' id='word_1_243' title='bbox 572 2622 635 2672; x_wconf 81' lang='lat' dir='ltr'><strong>in</strong></span> <span class='ocrx_word' id='word_1_244' title='bbox 683 2619 1121 2688; x_wconf 83' lang='lat' dir='ltr'><strong>processionibus</strong></span> <span class='ocrx_word' id='word_1_245' title='bbox 1164 2637 1292 2671; x_wconf 83' lang='lat' dir='ltr'><strong>usus</strong></span> <span class='ocrx_word' id='word_1_246' title='bbox 1338 2626 1448 2683; x_wconf 83' lang='lat' dir='ltr'><strong>est,</strong></span> <span class='ocrx_word' id='word_1_247' title='bbox 1490 2658 1505 2681; x_wconf 93' lang='lat'>,</span> <span class='ocrx_word' id='word_1_248' title='bbox 1540 2621 1671 2671; x_wconf 82' lang='lat' dir='ltr'><strong>item</strong></span> <span class='ocrx_word' id='word_1_249' title='bbox 1720 2619 1883 2671; x_wconf 81' lang='lat' dir='ltr'><strong>sellas</strong></span> <span class='ocrx_word' id='word_1_250' title='bbox 1933 2620 2211 2671; x_wconf 87' lang='lat' dir='ltr'><strong>cucumilii</strong></span> <span class='ocrx_word' id='word_1_251' title='bbox 2262 2617 2551 2671; x_wconf 84' lang='lat' dir='ltr'><strong>holocanas</strong></span> <span class='ocrx_word' id='word_1_252' title='bbox 2597 2634 2731 2671; x_wconf 88' lang='lat' dir='ltr'><strong>auro</strong></span> 
     </span>
     <span class='ocr_line' id='line_1_30' title="bbox 571 2686 2734 2760; baseline -0 -19"><span class='ocrx_word' id='word_1_253' title='bbox 571 2696 822 2760; x_wconf 74' lang='lat' dir='ltr'><strong>pet-texta</strong></span> <span class='ocrx_word' id='word_1_254' title='bbox 860 2691 1047 2741; x_wconf 83' lang='lat' dir='ltr'><strong>striata</strong></span> <span class='ocrx_word' id='word_1_255' title='bbox 1081 2690 1307 2742; x_wconf 86' lang='lat' dir='ltr'><strong>instrata</strong></span> <span class='ocrx_word' id='word_1_256' title='bbox 1335 2686 1629 2754; x_wconf 83' lang='lat' dir='ltr'><strong>habentes;</strong></span> <span class='ocrx_word' id='word_1_257' title='bbox 1682 2696 1739 2740; x_wconf 80' lang='lat' dir='ltr'><strong>et</strong></span> <span class='ocrx_word' id='word_1_258' title='bbox 1773 2688 1856 2740; x_wconf 88' lang='lat' dir='ltr'><strong>his</strong></span> <span class='ocrx_word' id='word_1_259' title='bbox 1898 2689 2281 2758; x_wconf 84' lang='lat' dir='ltr'><strong>superinducta</strong></span> <span class='ocrx_word' id='word_1_260' title='bbox 2331 2689 2557 2740; x_wconf 85' lang='lat' dir='ltr'><strong>instrata</strong></span> <span class='ocrx_word' id='word_1_261' title='bbox 2603 2686 2734 2752; x_wconf 86' lang='lat' dir='ltr'><strong>alia,</strong></span> 
     </span>
     <span class='ocr_line' id='line_1_31' title="bbox 566 2758 2735 2827; baseline -0.001 -16"><span class='ocrx_word' id='word_1_262' title='bbox 566 2758 957 2812; x_wconf 78' lang='lat' dir='ltr'><strong>abscondentia</strong></span> <span class='ocrx_word' id='word_1_263' title='bbox 992 2760 1094 2811; x_wconf 84' lang='lat' dir='ltr'><strong>ista</strong></span> <span class='ocrx_word' id='word_1_264' title='bbox 1144 2768 1203 2812; x_wconf 83' lang='lat' dir='ltr'><strong>et</strong></span> <span class='ocrx_word' id='word_1_265' title='bbox 1237 2761 1384 2812; x_wconf 86' lang='lat' dir='ltr'><strong>demi</strong></span> <span class='ocrx_word' id='word_1_266' title='bbox 1421 2767 1543 2810; x_wconf 82' lang='lat' dir='ltr'><strong>tum</strong></span> <span class='ocrx_word' id='word_1_267' title='bbox 1577 2758 1746 2811; x_wconf 87' lang='lat' dir='ltr'><strong>solita</strong></span> <span class='ocrx_word' id='word_1_268' title='bbox 1771 2796 1787 2823; x_wconf 88' lang='lat'><strong>,</strong></span> <span class='ocrx_word' id='word_1_269' title='bbox 1866 2776 1997 2810; x_wconf 84' lang='lat' dir='ltr'><strong>uum</strong></span> <span class='ocrx_word' id='word_1_270' title='bbox 2034 2762 2327 2827; x_wconf 83' lang='lat' dir='ltr'><strong>Imperator</strong></span> <span class='ocrx_word' id='word_1_271' title='bbox 2361 2760 2419 2809; x_wconf 90' lang='lat' dir='ltr'><strong>in</strong></span> <span class='ocrx_word' id='word_1_272' title='bbox 2456 2775 2518 2810; x_wconf 88' lang='lat' dir='ltr'><strong>ea</strong></span> <span class='ocrx_word' id='word_1_273' title='bbox 2553 2759 2735 2810; x_wconf 84' lang='lat' dir='ltr'><strong>inses-</strong></span> 
     </span>
     <span class='ocr_line' id='line_1_32' title="bbox 571 2776 2737 2914; baseline 0 -32"><span class='ocrx_word' id='word_1_274' title='bbox 571 2846 693 2882; x_wconf 85' lang='lat' dir='ltr'><strong>sum</strong></span> <span class='ocrx_word' id='word_1_275' title='bbox 728 2831 803 2895; x_wconf 67' lang='grc' dir='ltr'><strong>ἥς</strong></span> <span class='ocrx_word' id='word_1_276' title='bbox 842 2839 900 2881; x_wconf 88' lang='lat' dir='ltr'><strong>et</strong></span> <span class='ocrx_word' id='word_1_277' title='bbox 933 2847 1034 2914; x_wconf 85' lang='lat' dir='ltr'><strong>pro</strong></span> <span class='ocrx_word' id='word_1_278' title='bbox 1085 2830 1452 2883; x_wconf 88' lang='lat' dir='ltr'><strong>nobilioribus</strong></span> <span class='ocrx_word' id='word_1_279' title='bbox 1486 2830 1780 2899; x_wconf 82' lang='lat' dir='ltr'><strong>transfugis</strong></span> <span class='ocrx_word' id='word_1_280' title='bbox 1816 2776 1921 2880; x_wconf 58' lang='lat' dir='ltr'><strong>eilia</strong></span> <span class='ocrx_word' id='word_1_281' title='bbox 1958 2830 2088 2881; x_wconf 87' lang='lat' dir='ltr'><strong>talia</strong></span> <span class='ocrx_word' id='word_1_282' title='bbox 2124 2836 2377 2898; x_wconf 84' lang='lat' dir='ltr'><strong>argentea</strong></span> <span class='ocrx_word' id='word_1_283' title='bbox 2412 2846 2504 2880; x_wconf 87' lang='lat' dir='ltr'><strong>ora</strong></span> <span class='ocrx_word' id='word_1_284' title='bbox 2542 2837 2737 2883; x_wconf 73' lang='lat' dir='ltr'><strong>ornata</strong></span> 
     </span>
     <span class='ocr_line' id='line_1_33' title="bbox 583 2896 2735 2969; baseline 0.001 -19"><span class='ocrx_word' id='word_1_285' title='bbox 583 2897 709 2951; x_wconf 84' lang='lat' dir='ltr'><strong>duo.</strong></span> <span class='ocrx_word' id='word_1_286' title='bbox 784 2898 985 2952; x_wconf 75' lang='lat' dir='ltr'><strong>Caucra</strong></span> <span class='ocrx_word' id='word_1_287' title='bbox 1040 2917 1136 2952; x_wconf 88' lang='lat' dir='ltr'><strong>seu</strong></span> <span class='ocrx_word' id='word_1_288' title='bbox 1187 2918 1340 2953; x_wconf 74' lang='lat' dir='ltr'><strong>oevas</strong></span> <span class='ocrx_word' id='word_1_289' title='bbox 1395 2900 1611 2969; x_wconf 84' lang='lat' dir='ltr'><strong>patinas</strong></span> <span class='ocrx_word' id='word_1_290' title='bbox 1659 2901 1732 2951; x_wconf 89' lang='lat' dir='ltr'><strong>im</strong></span> <span class='ocrx_word' id='word_1_291' title='bbox 1776 2900 2001 2962; x_wconf 87' lang='lat' dir='ltr'><strong>eriales,</strong></span> <span class='ocrx_word' id='word_1_292' title='bbox 2064 2896 2353 2950; x_wconf 81' lang='lat' dir='ltr'><strong>chalintzia</strong></span> <span class='ocrx_word' id='word_1_293' title='bbox 2390 2898 2597 2965; x_wconf 81' lang='lat' dir='ltr'><strong>dictas,</strong></span> <span class='ocrx_word' id='word_1_294' title='bbox 2632 2915 2735 2969; x_wconf 82' lang='lat' dir='ltr'><strong>pro</strong></span> 
     </span>
     <span class='ocr_line' id='line_1_34' title="bbox 575 2967 2734 3042; baseline 0 -20"><span class='ocrx_word' id='word_1_295' title='bbox 575 2969 816 3023; x_wconf 81' lang='lat' dir='ltr'><strong>convivis</strong></span> <span class='ocrx_word' id='word_1_296' title='bbox 851 2971 921 3023; x_wconf 85' lang='lat' dir='ltr'><strong>ad</strong></span> <span class='ocrx_word' id='word_1_297' title='bbox 961 2972 1131 3040; x_wconf 82' lang='lat' dir='ltr'><strong>regias</strong></span> <span class='ocrx_word' id='word_1_298' title='bbox 1169 2973 1355 3042; x_wconf 81' lang='lat' dir='ltr'><strong>epulas</strong></span> <span class='ocrx_word' id='word_1_299' title='bbox 1387 2970 1649 3023; x_wconf 81' lang='lat' dir='ltr'><strong>invitatis.</strong></span> <span class='ocrx_word' id='word_1_300' title='bbox 1761 2969 1951 3038; x_wconf 86' lang='lat' dir='ltr'><strong>pathas</strong></span> <span class='ocrx_word' id='word_1_301' title='bbox 1993 2969 2303 3038; x_wconf 83' lang='lat' dir='ltr'><strong>imperiales</strong></span> <span class='ocrx_word' id='word_1_302' title='bbox 2341 2967 2508 3034; x_wconf 80' lang='lat' dir='ltr'><strong>‹luas3</strong></span> <span class='ocrx_word' id='word_1_303' title='bbox 2569 2986 2734 3022; x_wconf 84' lang='lat' dir='ltr'><strong>unam</strong></span> 
     </span>
     <span class='ocr_line' id='line_1_35' title="bbox 574 3038 2733 3114; baseline -0.001 -22"><span class='ocrx_word' id='word_1_304' title='bbox 574 3058 677 3110; x_wconf 82' lang='lat' dir='ltr'><strong>pro</strong></span> <span class='ocrx_word' id='word_1_305' title='bbox 730 3043 1075 3110; x_wconf 84' lang='lat' dir='ltr'><strong>processione</strong></span> <span class='ocrx_word' id='word_1_306' title='bbox 1120 3058 1217 3093; x_wconf 87' lang='lat' dir='ltr'><strong>seu</strong></span> <span class='ocrx_word' id='word_1_307' title='bbox 1269 3059 1377 3114; x_wconf 89' lang='lat' dir='ltr'><strong>qua</strong></span> <span class='ocrx_word' id='word_1_308' title='bbox 1440 3049 1573 3093; x_wconf 88' lang='lat' dir='ltr'><strong>tunc</strong></span> <span class='ocrx_word' id='word_1_309' title='bbox 1632 3039 1806 3091; x_wconf 87' lang='lat' dir='ltr'><strong>utitur</strong></span> <span class='ocrx_word' id='word_1_310' title='bbox 1841 3041 2162 3108; x_wconf 83' lang='lat' dir='ltr'><strong>Imperator,</strong></span> <span class='ocrx_word' id='word_1_311' title='bbox 2212 3038 2433 3109; x_wconf 88' lang='lat' dir='ltr'><strong>quando</strong></span> <span class='ocrx_word' id='word_1_312' title='bbox 2486 3040 2545 3092; x_wconf 88' lang='lat' dir='ltr'><strong>in</strong></span> <span class='ocrx_word' id='word_1_313' title='bbox 2583 3040 2733 3109; x_wconf 80' lang='lat' dir='ltr'><strong>regio</strong></span> 
     </span>
     <span class='ocr_line' id='line_1_36' title="bbox 576 3109 2737 3181; baseline -0.001 -18"><span class='ocrx_word' id='word_1_314' title='bbox 576 3109 868 3180; x_wconf 83' lang='lat' dir='ltr'><strong>splendore</strong></span> <span class='ocrx_word' id='word_1_315' title='bbox 908 3111 1015 3180; x_wconf 87' lang='lat' dir='ltr'><strong>ipsi</strong></span> <span class='ocrx_word' id='word_1_316' title='bbox 1052 3112 1469 3181; x_wconf 79' lang='lat' dir='ltr'><strong>comparendum</strong></span> <span class='ocrx_word' id='word_1_317' title='bbox 1513 3119 1623 3176; x_wconf 78' lang='lat' dir='ltr'><strong>est3</strong></span> <span class='ocrx_word' id='word_1_318' title='bbox 1677 3117 1732 3161; x_wconf 85' lang='lat' dir='ltr'><strong>et</strong></span> <span class='ocrx_word' id='word_1_319' title='bbox 1768 3110 1988 3162; x_wconf 86' lang='lat' dir='ltr'><strong>alteram</strong></span> <span class='ocrx_word' id='word_1_320' title='bbox 2024 3111 2146 3161; x_wconf 83' lang='lat' dir='ltr'><strong>viae</strong></span> <span class='ocrx_word' id='word_1_321' title='bbox 2178 3126 2273 3161; x_wconf 86' lang='lat' dir='ltr'><strong>seu</strong></span> <span class='ocrx_word' id='word_1_322' title='bbox 2322 3126 2431 3180; x_wconf 83' lang='lat' dir='ltr'><strong>qua</strong></span> <span class='ocrx_word' id='word_1_323' title='bbox 2465 3111 2640 3161; x_wconf 85' lang='lat' dir='ltr'><strong>utitur</strong></span> <span class='ocrx_word' id='word_1_324' title='bbox 2672 3109 2737 3161; x_wconf 88' lang='lat' dir='ltr'><strong>in</strong></span> 
     </span>
     <span class='ocr_line' id='line_1_37' title="bbox 577 3178 2734 3251; baseline -0.002 -17"><span class='ocrx_word' id='word_1_325' title='bbox 577 3182 903 3246; x_wconf 78' lang='lat' dir='ltr'><strong>itineribus3</strong></span> <span class='ocrx_word' id='word_1_326' title='bbox 945 3182 1075 3233; x_wconf 86' lang='lat' dir='ltr'><strong>item</strong></span> <span class='ocrx_word' id='word_1_327' title='bbox 1113 3184 1454 3251; x_wconf 86' lang='lat' dir='ltr'><strong>paramerion</strong></span> <span class='ocrx_word' id='word_1_328' title='bbox 1490 3196 1658 3232; x_wconf 88' lang='lat' dir='ltr'><strong>unum</strong></span> <span class='ocrx_word' id='word_1_329' title='bbox 1695 3197 1789 3232; x_wconf 88' lang='lat' dir='ltr'><strong>seu</strong></span> <span class='ocrx_word' id='word_1_330' title='bbox 1827 3180 1989 3232; x_wconf 83' lang='lat' dir='ltr'><strong>sicam</strong></span> <span class='ocrx_word' id='word_1_331' title='bbox 2030 3178 2332 3232; x_wconf 81' lang='lat' dir='ltr'><strong>breviorem</strong></span> <span class='ocrx_word' id='word_1_332' title='bbox 2369 3198 2399 3232; x_wconf 93' lang='lat' dir='ltr'><strong>e</strong></span> <span class='ocrx_word' id='word_1_333' title='bbox 2436 3179 2734 3232; x_wconf 83' lang='lat' dir='ltr'><strong>femoribus</strong></span> 
     </span>
     <span class='ocr_line' id='line_1_38' title="bbox 578 3249 2738 3321; baseline -0.002 -17"><span class='ocrx_word' id='word_1_334' title='bbox 578 3251 998 3321; x_wconf 82' lang='lat' dir='ltr'><strong>dependentem.</strong></span> <span class='ocrx_word' id='word_1_335' title='bbox 1068 3253 1208 3304; x_wconf 88' lang='lat' dir='ltr'><strong>Item</strong></span> <span class='ocrx_word' id='word_1_336' title='bbox 1241 3253 1571 3313; x_wconf 85' lang='lat' dir='ltr'><strong>suffimenta,</strong></span> <span class='ocrx_word' id='word_1_337' title='bbox 1607 3266 1748 3321; x_wconf 84' lang='lat' dir='ltr'><strong>quae</strong></span> <span class='ocrx_word' id='word_1_338' title='bbox 1786 3250 2112 3302; x_wconf 84' lang='lat' dir='ltr'><strong>carbonibus</strong></span> <span class='ocrx_word' id='word_1_339' title='bbox 2146 3252 2281 3303; x_wconf 78' lang='lat' dir='ltr'><strong>vivis</strong></span> <span class='ocrx_word' id='word_1_340' title='bbox 2319 3249 2641 3303; x_wconf 85' lang='lat' dir='ltr'><strong>iniiciuntur</strong></span> <span class='ocrx_word' id='word_1_341' title='bbox 2676 3255 2738 3300; x_wconf 84' lang='lat' dir='ltr'><strong>et</strong></span> 
     </span>
     <span class='ocr_line' id='line_1_39' title="bbox 577 3318 2737 3394; baseline -0.003 -19"><span class='ocrx_word' id='word_1_342' title='bbox 577 3321 981 3393; x_wconf 79' lang='lat' dir='ltr'><strong>deliquescunt,</strong></span> <span class='ocrx_word' id='word_1_343' title='bbox 1019 3322 1145 3383; x_wconf 82' lang='lat' dir='ltr'><strong>alia,</strong></span> <span class='ocrx_word' id='word_1_344' title='bbox 1180 3340 1318 3394; x_wconf 87' lang='lat' dir='ltr'><strong>quae</strong></span> <span class='ocrx_word' id='word_1_345' title='bbox 1354 3337 1575 3375; x_wconf 85' lang='lat' dir='ltr'><strong>accensa</strong></span> <span class='ocrx_word' id='word_1_346' title='bbox 1610 3323 1746 3390; x_wconf 80' lang='lat' dir='ltr'><strong>grati</strong></span> <span class='ocrx_word' id='word_1_347' title='bbox 1784 3321 1966 3373; x_wconf 86' lang='lat' dir='ltr'><strong>odoris</strong></span> <span class='ocrx_word' id='word_1_348' title='bbox 2001 3321 2206 3373; x_wconf 79' lang='lat' dir='ltr'><strong>fumum</strong></span> <span class='ocrx_word' id='word_1_349' title='bbox 2240 3322 2493 3373; x_wconf 80' lang='lat' dir='ltr'><strong>sinuntur</strong></span> <span class='ocrx_word' id='word_1_350' title='bbox 2514 3318 2737 3372; x_wconf 82' lang='lat' dir='ltr'><strong>exhala-</strong></span> 
     </span>
     <span class='ocr_line' id='line_1_40' title="bbox 578 3387 2739 3463; baseline -0.003 -18"><span class='ocrx_word' id='word_1_351' title='bbox 578 3410 637 3445; x_wconf 83' lang='lat' dir='ltr'><strong>re</strong></span> <span class='ocrx_word' id='word_1_352' title='bbox 688 3401 746 3445; x_wconf 84' lang='lat' dir='ltr'><strong>et</strong></span> <span class='ocrx_word' id='word_1_353' title='bbox 777 3395 837 3444; x_wconf 88' lang='lat' dir='ltr'><strong>in</strong></span> <span class='ocrx_word' id='word_1_354' title='bbox 888 3393 1175 3445; x_wconf 84' lang='lat' dir='ltr'><strong>carbonem</strong></span> <span class='ocrx_word' id='word_1_355' title='bbox 1211 3402 1376 3463; x_wconf 84' lang='lat' dir='ltr'><strong>atque</strong></span> <span class='ocrx_word' id='word_1_356' title='bbox 1412 3392 1649 3443; x_wconf 81' lang='lat' dir='ltr'><strong>favillam</strong></span> <span class='ocrx_word' id='word_1_357' title='bbox 1685 3390 1866 3456; x_wconf 86' lang='lat' dir='ltr'><strong>abire;</strong></span> <span class='ocrx_word' id='word_1_358' title='bbox 1923 3409 2064 3463; x_wconf 86' lang='lat' dir='ltr'><strong>quae</strong></span> <span class='ocrx_word' id='word_1_359' title='bbox 2112 3393 2260 3443; x_wconf 80' lang='lat' dir='ltr'><strong>varia</strong></span> <span class='ocrx_word' id='word_1_360' title='bbox 2294 3400 2450 3453; x_wconf 85' lang='lat' dir='ltr'><strong>sunt,</strong></span> <span class='ocrx_word' id='word_1_361' title='bbox 2482 3399 2546 3442; x_wconf 82' lang='lat' dir='ltr'><strong>ut</strong></span> <span class='ocrx_word' id='word_1_362' title='bbox 2578 3387 2739 3453; x_wconf 87' lang='lat' dir='ltr'><strong>thus,</strong></span> 
     </span>
     <span class='ocr_line' id='line_1_41' title="bbox 576 3460 2738 3530; baseline -0.003 -13"><span class='ocrx_word' id='word_1_363' title='bbox 576 3472 805 3530; x_wconf 82' lang='lat' dir='ltr'><strong>mastyx,</strong></span> <span class='ocrx_word' id='word_1_364' title='bbox 842 3463 1142 3526; x_wconf 86' lang='lat' dir='ltr'><strong>olibanum,</strong></span> <span class='ocrx_word' id='word_1_365' title='bbox 1177 3464 1474 3523; x_wconf 76' lang='lat' dir='ltr'><strong>sachar-um,</strong></span> <span class='ocrx_word' id='word_1_366' title='bbox 1511 3479 1714 3521; x_wconf 86' lang='lat' dir='ltr'><strong>crocus,</strong></span> <span class='ocrx_word' id='word_1_367' title='bbox 1753 3460 2022 3525; x_wconf 82' lang='lat' dir='ltr'><strong>moschus,</strong></span> <span class='ocrx_word' id='word_1_368' title='bbox 2060 3462 2297 3525; x_wconf 83' lang='lat' dir='ltr'><strong>ambara,</strong></span> <span class='ocrx_word' id='word_1_369' title='bbox 2333 3460 2550 3528; x_wconf 72' lang='lat' dir='ltr'><strong>xylaloe</strong></span> <span class='ocrx_word' id='word_1_370' title='bbox 2594 3460 2738 3511; x_wconf 73' lang='lat' dir='ltr'><strong>sicca</strong></span> 
     </span>
     <span class='ocr_line' id='line_1_42' title="bbox 579 3532 2739 3605; baseline -0.004 -20"><span class='ocrx_word' id='word_1_371' title='bbox 579 3545 636 3585; x_wconf 84' lang='lat' dir='ltr'><strong>et</strong></span> <span class='ocrx_word' id='word_1_372' title='bbox 674 3546 684 3582; x_wconf 84' lang='grc' dir='ltr'>ι</span> <span class='ocrx_word' id='word_1_373' title='bbox 713 3532 882 3605; x_wconf 73' lang='lat' dir='ltr'><strong>&#39;quida</strong></span> <span class='ocrx_word' id='word_1_374' title='bbox 905 3572 919 3595; x_wconf 92' lang='lat'><strong>‚</strong></span> <span class='ocrx_word' id='word_1_375' title='bbox 958 3537 1355 3586; x_wconf 81' lang='lat' dir='ltr'><strong>cinnamomum</strong></span> <span class='ocrx_word' id='word_1_376' title='bbox 1398 3550 1582 3586; x_wconf 76' lang='lat' dir='ltr'><strong>verum</strong></span> <span class='ocrx_word' id='word_1_377' title='bbox 1606 3534 1837 3602; x_wconf 77' lang='lat' dir='ltr'><strong>primurn</strong></span> <span class='ocrx_word' id='word_1_378' title='bbox 1872 3541 1929 3585; x_wconf 86' lang='lat' dir='ltr'><strong>et</strong></span> <span class='ocrx_word' id='word_1_379' title='bbox 1962 3532 2292 3595; x_wconf 84' lang='lat' dir='ltr'><strong>secundum,</strong></span> <span class='ocrx_word' id='word_1_380' title='bbox 2327 3532 2739 3598; x_wconf 81' lang='lat' dir='ltr'><strong>xylocinnamo..</strong></span> 
     </span>
     <span class='ocr_line' id='line_1_43' title="bbox 576 3600 2743 3677; baseline -0.003 -19"><span class='ocrx_word' id='word_1_381' title='bbox 576 3621 761 3671; x_wconf 89' lang='lat' dir='ltr'><strong>mum,</strong></span> <span class='ocrx_word' id='word_1_382' title='bbox 798 3612 1076 3675; x_wconf 84' lang='lat' dir='ltr'><strong>unguenta</strong></span> <span class='ocrx_word' id='word_1_383' title='bbox 1109 3606 1352 3677; x_wconf 73' lang='lat' dir='ltr'><strong>reliqua3</strong></span> <span class='ocrx_word' id='word_1_384' title='bbox 1384 3603 1463 3677; x_wconf 83' lang='lat' dir='ltr'><strong>[et</strong></span> <span class='ocrx_word' id='word_1_385' title='bbox 1513 3619 1712 3675; x_wconf 81' lang='lat' dir='ltr'><strong>genera</strong></span> <span class='ocrx_word' id='word_1_386' title='bbox 1745 3603 1999 3675; x_wconf 84' lang='lat' dir='ltr'><strong>telarum]</strong></span> <span class='ocrx_word' id='word_1_387' title='bbox 2054 3602 2283 3668; x_wconf 83' lang='lat' dir='ltr'><strong>sendes,</strong></span> <span class='ocrx_word' id='word_1_388' title='bbox 2335 3600 2743 3655; x_wconf 73' lang='lat' dir='ltr'><strong>linomalotarin</strong></span> 
     </span>
    </p>
   </div>
  </div>
 </body>
</html>
