3050 4900
819 1006 1939 1090 PRAEFATIO.

274 1340 407 1447 De
450 1387 843 1445 constantino
879 1392 1351 1464 Porphyrogenito
1389 1396 1727 1467 Imperatore
1748 1436 1765 1463 ,
1804 1398 1872 1450 de
1908 1397 2067 1453 libris
2104 1400 2308 1472 quibus
2345 1405 2484 1458 ordo

276 1494 431 1547 aulae
468 1495 823 1563 Byzantinae
860 1496 1202 1563 declaratur,
1237 1499 1335 1570 qui
1371 1500 1441 1553 ad
1473 1500 1634 1554 illum
1672 1510 1952 1557 auctorem
1997 1504 2342 1572 referuntur,
2390 1524 2487 1561 eo-

214 1655 221 1659 ,
280 1615 507 1669 rumque
541 1599 744 1654 codice
780 1601 1096 1671 Lipsiensi,
1129 1602 1296 1673 plene
1332 1601 1759 1676 luculenterque
1795 1623 1829 1658 a
1874 1606 2105 1662 Leichio
2148 1609 2488 1681 Reiskioque

286 1703 605 1772 expositum
650 1712 775 1759 est:
829 1720 932 1757 nos
979 1705 1222 1759 breviter
1262 1706 1694 1777 explicabimus,
1748 1706 1887 1761 haec
1938 1709 2113 1764 editio
2150 1713 2487 1784 quibusnam

295 1796 519 1860 dotibus
554 1808 639 1860 illi
669 1816 926 1880 praestet
959 1826 1104 1881 quae
1141 1817 1200 1863 et
1231 1813 1490 1881 princeps
1531 1811 1672 1877 fuit,
1715 1820 1772 1864 et
1804 1804 2286 1869 hactenus‘unica.
2323 1816 2482 1869 Hanc

297 1929 333 1964 a
365 1912 591 1965 Leiehio
631 1921 930 1986 coeptam,
982 1915 1390 1986 immaturaque
1446 1916 1566 1970 eius
1618 1923 1796 1970 morte
1847 1916 2140 1988 abruptam
2193 1936 2226 1972 a
2262 1918 2490 1975 Reiskio

283 2016 355 2069 ad
386 2018 553 2071 finem
591 2019 737 2072 tomi
773 2018 1005 2073 secundi
1037 2019 1378 2090 perductam,
1413 2021 1642 2073 tertium
1675 2021 1960 2073 voluntate
1996 2019 2339 2093 bibliopolae
2385 2022 2490 2096 qui

283 2123 361 2176 rei
405 2111 704 2176 familiaris
754 2125 1028 2178 iacturam
1064 2125 1254 2195 augeri
1288 2124 1521 2179 nolebat
1564 2123 1825 2176 omissum
1861 2140 2012 2192 esse,
2059 2126 2346 2180 notissima
2394 2144 2484 2182 res

288 2235 381 2282 est.
413 2226 701 2293 Leichius‚
716 2243 887 2297 pravo
916 2227 1148 2282 consilio
1167 2246 1317 2295 usus,
1342 2230 1422 2283 ita
1438 2229 1678 2282 confisus
1703 2235 1788 2282 est
1819 2229 2134 2301 apographo
2172 2247 2273 2301 per
2305 2230 2489 2284 Drau-

290 2328 435 2384 dinm
482 2331 776 2395 confecto,
828 2340 894 2386 ut
947 2331 1046 2391 vix
1088 2332 1389 2405 inspiceret
1436 2331 1684 2387 codicem
1741 2335 1896 2387 cuius
1943 2316 2252 2405 praesentis
2325 2336 2486 2406 copia

288 2443 431 2500 erat,
464 2433 781 2489 editionem
818 2442 967 2490 certe
1003 2435 1167 2491 unice
1204 2437 1277 2493 ad
1310 2437 1455 2493 illud
1490 2438 1636 2511 typis
1675 2439 2030 2495 exscriberet.
2060 2436 2173 2492 Sed
2209 2436 2488 2505 Reiskius‚

288 2548 538 2612 suscepta
591 2542 777 2611 operis
827 2558 999 2609 cura,
1045 2541 1193 2595 nihil
1225 2543 1510 2622 antiquius
1550 2560 1668 2597 esse
1715 2542 1877 2597 duxit
1909 2543 2211 2597 collatione
2249 2541 2492 2612 codicis,

287 2647 431 2700 unde
456 2663 627 2721 qnam
658 2643 916 2716 plurimis
952 2644 1092 2698 locis
1119 2644 1463 2701 foedissimos
1496 2664 1708 2702 errores
1735 2650 2006 2718 correxit3
2041 2650 2217 2704 incisa
2241 2651 2483 2718 integra,

289 2758 515 2821 propter
549 2749 956 2822 δμοιοτέλευτα
999 2750 1365 2822 praesertim,
1419 2750 1649 2817 omissa,
1700 2752 1977 2806 restituit:
2018 2768 2160 2824 quae
2196 2753 2378 2805 omnia
2421 2754 2486 2806 in

301 2857 683 2911 commentario
719 2863 974 2909 accurate
1008 2855 1308 2920 indicavit,
1357 2854 1419 2908 in
1467 2856 1654 2926 priore
1706 2863 1864 2927 parte
1919 2872 2063 2928 quae
2101 2859 2213 2909 iam
2250 2873 2281 2910 e
2323 2857 2482 2927 prelo

308 2960 522 3015 exierat
563 2959 844 3015 emendare
899 2976 1017 3012 non
1071 2958 1289 3012 licebat.
1374 2959 1486 3030 Ego
1542 2977 1576 3012 a
1624 2959 1884 3015 Classeno
1924 2976 2048 3013 meo
2086 2961 2375 3029 impetravi
2419 2966 2484 3012 ut

289 3062 493 3118 vitiosa
543 3064 891 3129 emendaret,
947 3079 1140 3115 manca
1186 3063 1504 3132 suppleret,
1558 3080 1699 3134 quae
1752 3079 1820 3115 ex
1873 3078 2041 3132 prave
2097 3064 2303 3133 graecis
2337 3061 2482 3114 male

286 3182 443 3220 versa
476 3176 700 3234 ment,
738 3167 1067 3237 corrigeret;
1110 3166 1293 3219 omnia
1335 3182 1405 3220 ex
1438 3172 1625 3221 mente
1639 3165 1883 3220 Reiskii:
1921 3166 2073 3218 cuius
2112 3165 2192 3218 rei
2233 3173 2290 3219 et
2324 3163 2486 3221 labor

284 3270 396 3324 fnit
435 3289 553 3327 non
599 3275 862 3346 exiguus,
917 3279 975 3325 et
1019 3269 1228 3324 fructus
1275 3286 1408 3326 sane
1462 3270 1692 3341 amplus.
1755 3253 1852 3323 'In
1919 3268 2280 3342 sequentibus
2341 3288 2481 3343 quae

286 3374 537 3430 Reiskius
574 3377 698 3448 ipse
728 3375 1047 3442 accuravit,
1082 3353 1230 3430 nihii
1261 3381 1475 3428 mutare
1511 3374 1758 3445 placuit,
1792 3390 2124 3445 quamquam
2157 3374 2289 3440 ille,
2309 3392 2482 3446 quum

286 3488 540 3551 portenta
575 3481 909 3549 scribendi,·
927 3481 1119 3555 qualia
1155 3480 1215 3534 in
1251 3478 1445 3533 codice
1496 3485 1705 3544 extant,
1739 3476 2172 3548 manifestosque
2235 3494 2481 3543 errores,

290 3586 652 3658 relinqueret,
708 3585 823 3640 sibi
878 3587 1025 3655 ipsi,
1062 3599 1329 3655 meaeque
1365 3581 1756 3637 consuetudini
1791 3583 2097 3635 contrarius
2131 3580 2316 3635 fuerit.
2372 3580 2482 3634 Sed

288 3690 540 3746 nolebam
574 3691 897 3746 festinatius
934 3705 1123 3761 agere,
1159 3689 1313 3760 quod
1347 3689 1529 3744 facere
1581 3687 1927 3751 debuissem,
1983 3685 2099 3740 otio
2151 3683 2483 3753 destitutus;

284 3792 462 3865 itaque
494 3796 913 3848 incommodum
934 3834 953 3860 ,
983 3794 1138 3866 quod
1164 3795 1344 3850 levius
1366 3793 1506 3849 mihi
1538 3792 1851 3854 videretur,
1880 3791 2039 3860 elegi.
2127 3786 2315 3859 Quum
2350 3803 2478 3841 vero

290 3898 630 3952 concedimus
646 3915 765 3952 non
793 3914 916 3953 esse
938 3898 1088 3952 omni
1110 3915 1339 3952 numero
1366 3899 1674 3953 absolutam
1689 3896 2064 3952 recensionem
2078 3891 2305 3957 Reiskii,
2327 3908 2481 3945 com-

272 4002 532 4076 „moniarii
588 4002 867 4056 laudibus
900 4001 1051 4056 nihil
1106 4019 1236 4056 sane
1274 4003 1618 4067 detrahitur,
1658 4017 1769 4075 quo
1812 4000 1910 4054 ille
1947 4015 2032 4052 res
2068 3994 2481 4050 obscurissimas

279 4109 540 4177 extraque
577 4121 944 4160 communem
980 4106 1351 4177 cognitionem
1366 4108 1576 4178 positas
1600 4106 1679 4160 ita
1723 4104 2017 4178 explicavit
2050 4110 2113 4154 ut
2145 4098 2476 4168 Lessingius,

264 4210 427 4268 etiam
463 4211 533 4267 in
565 4209 665 4266 his
705 4206 925 4265 litteris
961 4208 1629 4284 sapientissimusffudem
1681 4207 2095 4275 „admirandum
2152 4221 2269 4259 esze
2305 4220 2442 4276 opus
2460 4241 2477 4268 ,
