3050 4900
581 307 634 371 1.
958 304 1072 370 10.
1135 303 1383 369 mn.
1446 300 1750 368 menu
1807 299 2404 369 commun
2715 292 2777 329 ⁹

582 461 857 547 perando
902 483 1090 545 regno
1123 458 1375 523 consilia
1415 457 1637 522 volvit.
1721 458 1909 537 Quod
1959 480 2101 520 eum
2143 462 2329 521 variis
2369 459 2602 522 artibus
2630 471 2770 525 ten-

583 558 771 611 tasset
788 591 808 624 ,
857 547 1228 607 tutissimum
1287 546 1490 606 visum
1547 553 1675 621 est,
1715 541 2095 626 Stephanum
2147 553 2211 604 et
2258 544 2724 607 Constantinum
2746 590 2771 626 ‚

587 630 850 693 Romani
884 629 1062 708 filios,
1104 627 1434 710 cupiditate
1485 649 1519 687 r
1637 625 1780 686 andi
1825 626 2176 688 accendere.
2257 625 2510 689 Dudum
2540 626 2629 690 illi
2669 651 2773 712 pa·

588 725 767 781 terno
795 712 938 774 odio
974 712 1301 790 ardebant,
1346 709 1513 794 quod
1600 730 1854 771 omanus
1870 753 1890 787 ,
1932 720 2290 772 testamento
2317 713 2567 794 scripto,
2596 716 2771 795 prin-

588 798 789 879 cipem
827 795 1029 857 locum
1061 795 1591 878 Porphyrogenito
1628 794 1929 854 tribuerat
1946 815 1966 854 ε
2012 793 2355 875 Stephanus
2400 798 2729 878 praecipue
2748 842 2771 877 ,

589 902 777 963 quem
823 883 967 941 satis
1004 881 1128 940 iam
1168 878 1504 961 proclivem
1555 876 1731 937 facile
1787 875 2046 938 Basilius
2072 922 2091 956 ,
2140 881 2442 961 particeps
2492 879 2775 961 consilii,

591 966 915 1047 permovit.
995 961 1053 1023 Is
1096 962 1243 1023 olim
1285 963 1612 1022 honestum
1659 959 1937 1020 ordinem
1973 961 2228 1023 duxerat
2253 1004 2272 1039 ‚
2330 965 2430 1023 vir
2473 961 2729 1038 callidus
2751 1010 2775 1047 ,

594 1059 658 1109 et
713 1051 778 1109 in
832 1048 1035 1107 animo
1093 1045 1382 1127 Stephani
1446 1043 1686 1107 validus
1708 1087 1728 1122 ‚
1799 1062 1982 1126 quem
1998 1087 2019 1123 ‚
2091 1048 2544 1128 opportunitate
2588 1046 2730 1107 data
2754 1093 2777 1125 ‚

596 1131 956 1192 admonuit:
1008 1131 1336 1210 imperium
1368 1149 1547 1209 aegre
1587 1148 1624 1189 a
1654 1127 1962 1209 decrepito
2005 1147 2148 1189 sene
2181 1131 2492 1209 sustineri,
2535 1129 2778 1192 viribus

596 1217 935 1295 animisque
973 1233 1125 1293 opus
1159 1233 1328 1286 esse,
1371 1231 1451 1271 ne
1489 1212 1651 1292 Ugri
1674 1254 1692 1288 ‚
1735 1229 1814 1270 ne
1844 1210 1959 1271 Bul
2000 1214 2089 1271 ari
2113 1256 2132 1290 ‚
2185 1233 2266 1273 ne
2326 1213 2611 1287 Saraceni
2662 1213 2782 1273 ali-

596 1298 749 1380 quid
818 1314 1121 1357 novarum
1168 1315 1377 1357 rerum
1430 1294 1794 1354 molirentur
1814 1335 1834 1371 ,
1890 1315 1958 1355 so
1985 1315 2089 1354 um
2146 1295 2522 1377 Stephanum
2570 1307 2782 1358 tantae

595 1379 745 1443 moli
791 1401 1003 1462 parem
1039 1399 1189 1441 esse:
1232 1379 1492 1455 videret,
1533 1399 1613 1438 ne
1655 1387 1784 1437 tam
1809 1375 2121 1457 praeclara
2154 1379 2413 1459 indole3‚
2455 1392 2551 1442 tot
2594 1400 2783 1441 orna-

596 1475 804 1525 menta
863 1465 1159 1523 virtutum
1177 1507 1197 1541 ‚
1254 1463 1474 1522 inertia
1523 1461 2010 1523 obscurarentur.
2091 1461 2456 1525 Adiutorem
2490 1464 2788 1547 Porphy-

598 1547 945 1630 rogenitum
998 1545 1128 1605 fore
1154 1590 1173 1622 ‚
1219 1548 1319 1605 eui
1379 1542 1537 1604 nihil
1582 1545 1889 1625 antiquius
1924 1548 2036 1622 sit,
2066 1565 2253 1627 quam
2284 1567 2425 1607 eum
2472 1568 2731 1630 regnare
2760 1590 2786 1627 ‚

597 1636 709 1714 qui
740 1629 819 1691 ad
858 1629 1017 1691 hanc
1048 1650 1219 1709 spem
1258 1630 1496 1711 genitus
1534 1637 1691 1689 esset
1722 1629 1798 1705 1).
1883 1628 2099 1709 Itaque
2142 1629 2455 1691 Romanus
2500 1650 2788 1712 compre-

593 1712 824 1776 hensus
843 1758 861 1791 ,
907 1716 976 1774 in
1017 1712 1249 1774 Proten
1283 1710 1547 1772 insulam
1577 1708 1881 1792 relegatur
1912 1722 1974 1772 et
2006 1712 2450 1773 monachorum
2489 1717 2614 1774 ritu
2645 1724 2795 1775 ton-

592 1798 815 1858 detur:
881 1817 1119 1856 summa
1160 1796 1398 1879 imperii
1434 1794 1514 1854 ad
1564 1792 1722 1853 filios
1764 1804 1829 1855 et
1885 1793 2489 1879 Porphyrogenitum
2543 1796 2746 1858 delata
2769 1842 2792 1875 ,

594 1882 801 1941 statim
860 1881 1143 1962 apparuit
1165 1924 1185 1957 ‚
1249 1878 1536 1955 arduum,
1576 1876 1790 1937 eodem
1855 1874 1994 1939 loco
2042 1883 2381 1960 potentiam
2426 1892 2488 1942 et
2532 1900 2798 1942 concor-

600 1964 766 2024 diam
812 1983 964 2039 esse‚
995 1983 1136 2023 cum
1169 1961 1234 2022 id
1271 1972 1476 2044 ageret
1515 1959 1885 2041 stephanus,
1936 1972 2009 2022 ut
2040 1961 2205 2022 solus
2240 1985 2312 2023 ea
2359 1964 2650 2047 dignitate
2674 1985 2799 2046 po-

598 2050 843 2107 tiretur.
932 2046 1171 2106 Interea
1209 2045 1676 2106 Constantinum
1716 2043 1952 2104 Helena
1994 2044 2300 2126 Augusta,
2350 2059 2419 2108 ut
2446 2059 2577 2110 tam
2616 2047 2799 2108 nefa-

601 2131 728 2191 rios
771 2148 954 2190 ausus
986 2128 1677 2210 comprimeret‚exeitat‚
1729 2128 1837 2208 qui
1860 2147 1988 2206 eos,
2036 2130 2235 2210 specie
2283 2134 2603 2208 amicitiae,
2652 2152 2801 2213 epu-

604 2211 682 2273 lis
725 2212 1029 2273 adhibitos
1048 2257 1065 2289 ,
1105 2222 1244 2295 post
1296 2211 1697 2293 quadraginta
1739 2210 1976 2271 diemm
2019 2213 2345 2294 imperium
2363 2259 2382 2293 ‚
2436 2218 2502 2275 in
2545 2214 2801 2276 exilium

604 2295 804 2378 pellit.
889 2295 962 2355 Id
987 2295 1329 2376 Stephanus
1350 2295 1529 2355 XIX.
1545 2313 1738 2353 annos
1771 2308 1995 2375 magno
2028 2299 2233 2356 animo
2269 2300 2335 2357 in
2370 2299 2567 2360 Lesbo
2593 2299 2804 2360 insula

606 2379 774 2455 tulit,
821 2378 1274 2457 Constantinus,
1319 2377 1560 2438 duobus
1589 2378 1763 2437 annis
1801 2389 1942 2460 post
1964 2422 1982 2456 ‚
2037 2379 2119 2439 ad
2161 2383 2394 2441 maiora
2419 2426 2440 2462 ‚
2495 2393 2557 2442 et
2602 2404 2701 2442 ma
2745 2385 2804 2443 's

654 2465 963 2545 raecipitia
1010 2484 1337 2525 conversus
1358 2506 1379 2542 ‚
1434 2483 1577 2522 cum
1634 2462 1994 2542 Byzantium
2040 2476 2344 2546 repeteret
2366 2510 2386 2545 ‚
2453 2488 2490 2526 a
2528 2404 2804 2527 custo?-

608 2486 729 2609 Eus
785 2557 875 2607 est
907 2548 1259 2607 interemtus
1308 2546 1377 2624 2).
1473 2545 1575 2605 Sic
1630 2545 1884 2628 tandem¹
1942 2544 2108 2608 solus
2164 2569 2372 2608 rerum
2423 2552 2653 2630 potitus
2708 2561 2810 2611 est

612 2630 1200 2713 PorphyrogenituS,
1257 2630 1359 2690 cui
1406 2627 1662 2688 insidiae
1699 2648 1735 2687 a
1777 2627 2057 2709 plurimis
2098 2643 2347 2714 paratae
2387 2644 2588 2693 sunt.·
2638 2633 2812 2695 Nam

612 2725 677 2776 et
706 2712 1135 2794 Theophane3‚
1176 2714 1458 2794 princeps
1517 2709 2047 2773 Cubiculariorum
2068 2757 2087 2791 ‚
2131 2716 2501 2793 Romanum,
2541 2726 2604 2776 et
2645 2717 2811 2776 Gre—

655 2800 822 2857 orius
866 2797 1147 2872 Macedo,
1191 2794 1421 2855 allectis
1450 2795 1515 2854 in
1558 2804 1905 2855 societatem
1941 2795 2120 2857 claris
2160 2810 2222 2858 et
2250 2798 2589 2860 illustribus
2625 2800 2810 2877 viris,

663 2880 995 2962 tephanum
1035 2881 1294 2960 imperio
1322 2881 1547 2940 iterum
1584 2877 1909 2937 admovere
1952 2882 2082 2940 ausi
2119 2892 2299 2942 sunt:
2349 2885 2417 2942 in
2446 2894 2808 2963 utrumque,

618 2963 854 3026 detecta
898 2963 1172 3047 perfidia,
1218 2964 1487 3046 graviter
1521 2971 1614 3021 est
1650 2960 2166 3025 animadversum.
2257 2965 2412 3029 Post
2447 2966 2601 3028 haee
2637 2966 2814 3028 Con-

762 3147 831 3183 ex
882 3128 1107 3182 Graecis
1161 3127 1520 3199 Theophanis
1571 3125 1890 3182 Continuat.
1934 3144 1996 3199 p.
2028 3130 2150 3185 280.
2210 3137 2271 3184 et
2315 3132 2546 3184 Zonaras
2588 3148 2645 3203 p.
2689 3131 2816 3203 ¹95·

763 3208 1056 3253 testantur.

703 3267 2241 3405 ¹>03325533201'23.efi³³13110X5ss0323'53.153”}3323.,
2258 3271 2821 3410 ἶίηἷῗιῗαῖἒῗέῗέῗ

770 3409 885 3463 scio
925 3411 1043 3478 ipso
1080 3411 1381 3462 Romanum
1439 3426 1605 3476 regno
1660 3410 1897 3477 pulsum.
1967 3411 2032 3464 V.
2070 3411 2296 3464 Simeon
2348 3410 2653 3482 Logotheta
2688 3428 2821 3483 pag.

774 3483 895 3550 493.
946 3481 1151 3544 ceteri,
1212 3496 1332 3532 cum
1399 3480 1601 3552 quibus
1647 3480 2021 3551 Luitprandus
2077 3482 2137 3534 L.
2188 3484 2253 3536 V.
2313 3499 2358 3533 c.
2404 3500 2455 3552 9.
2507 3485 2822 3548 consentit,

771 3551 1109 3622 nimiamque
1164 3550 1224 3602 in
1260 3551 1402 3603 filios
1441 3552 1784 3602 severitatem
1821 3552 1992 3606 exitio
2029 3552 2199 3605 fuisse
2241 3552 2515 3618 Romano,
2562 3561 2826 3614 testatur.

771 3623 831 3693 a)
867 3622 930 3672 In
966 3621 1361 3674 monasterium
1408 3619 1640 3673 Romani
1685 3620 1788 3673 filii
1842 3622 2054 3675 detrusi
2104 3629 2263 3686 sunt,
2390 3622 2465 3676 od
2509 3623 2826 3677 timendum

769 3692 1138 3746 Constantino
1180 3697 1330 3754 erat,
1388 3708 1461 3744 ne
1498 3709 1557 3745 se
1608 3691 1905 3761 aliquando
1957 3710 2166 3747 summa
2202 3693 2472 3763 dignitate
2505 3696 2825 3763 privarent:

776 3765 858 3815 sic
904 3761 1156 3831 Theoph.
1201 3761 1422 3814 Contin.
1460 3779 1513 3832 p.
1551 3778 1671 3830 27¹·
1741 3763 1973 3816 Zonaras
2013 3781 2067 3834 p.
2109 3764 2223 3832 195.
2260 3763 2374 3815 alii.
2444 3764 2826 3836 Luitprandus

775 3840 964 3885 contra
996 3841 1156 3884 autor
1191 3841 1303 3895 est,
1340 3830 1795 3897 Constantinum,
1830 3851 1954 3886 cum
1995 3834 2155 3886 certis
2194 3833 2417 3886 indiciis
2457 3837 2827 3906 cognovisset,

780 3904 890 3956 sibi
927 3902 996 3954 ab
1038 3903 1171 3972 ipsis
1210 3904 1438 3956 insidias
1466 3903 1679 3973 parari,
1716 3918 1905 3954 eorum
1944 3903 2172 3957 consilia
2206 3906 2599 3973 praevertisse,
2646 3914 2827 3978 utque

778 3971 1232 4045 philosophatum
1282 3974 1666 4038 mitterentur,
1726 3973 1964 4027 iussisse.
2034 3972 2420 4043 Philosophiae
2456 3976 2605 4031 enim
2640 3976 2829 4031 nomi-

782 4062 855 4096 ne
894 4061 1040 4097 sacra
1088 4043 1480 4097 monachorum
1527 4044 1712 4097 studia
1767 4047 1971 4112 passim
2018 4043 2088 4097 ab
2126 4045 2245 4098 eius
2281 4045 2511 4112 aetatis,
2567 4055 2626 4100 et
2658 4056 2824 4100 vetu-

781 4115 1045 4168 stioribus
1094 4115 1453 4186 scriptoribus
1488 4122 1879 4170 memorantur.
1952 4114 2018 4171 V.
2056 4113 2325 4171 Cotelerii
2360 4126 2716 4173 monumenta
2753 4118 2823 4173 T.

784 4186 826 4238 1.
863 4202 917 4257 p.
944 4190 1055 4244 181·
1101 4188 1211 4257 187.
