3050 4900
566 262 725 351 188
983 288 1532 359 consi-mm.
1570 284 2292 358 PORPHYROGENITI

489 447 629 511 Βδὲ
652 446 742 536 τῷ
781 447 959 530 πρωῒ
987 441 1263 531 ρὀὑσια,
1329 446 1401 510 ἐν
1449 445 1532 531 τῇ
1581 438 1947 531 ὕποοτροφῇ
1998 436 2226 507 λευκά.
2309 439 2541 522 ι’στέον,
2604 432 2725 524 ὅτι,

290 556 543 616 Maean
562 547 688 609 τῶν
725 546 1046 610 δεσποτῶν
1083 545 1166 632 τῇ
1197 546 1457 633 δευτέρᾳ
1505 544 1618 628 τῆς
1674 540 2151 626 διακαινησίμου
2189 534 2313 607 άπὸ
2358 541 2480 609 τοῦ
2521 546 2726 605 παλα-

549 645 688 710 τιὀυ
725 642 1182 728 ἐξερχομένων,
1227 642 1711 729 περιβάλλονται
1751 638 1834 706 τά
1876 637 2066 706 λευκοὶ
2098 643 2319 726 χρυσᾶ
2358 636 2727 726 σκαραμάγ-

548 766 660 826 για
689 740 800 806 καί
822 741 900 808 τά
933 739 1197 807 διάλιθα
1233 743 1472 808 τούτων
1499 739 1769 807 σπαθιἀ.
1849 742 1917 805 ἐν
1943 740 2013 805 δὲ
2048 742 2129 828 τῇ
2173 742 2292 805 τοῦ
2324 741 2576 825 Κυρίου
2620 741 2726 804 ὲκ-

552 843 776 929 κλησίᾳ
814 840 1292 927 περιβάλλονται
1324 844 1651 923 στέμματα
1692 838 2018 927 Πράσινα,
2075 841 2187 903 καί
2229 835 2610 926 ἀπέρχονται
2653 840 2763 907 ε’ν5

550 941 632 1028 τῇ
672 939 961 1032 ἐκκλησίᾳ
997 941 1122 1007 τῶν
1164 940 1362 1026 οἶγίων
1389 934 1768 1023 οἷποστόλων,
1808 937 1918 1004 καὶ
1941 938 2424 1027 περιβάλλονται
2456 935 2538 1003 τὰ
2570 932 2723 1002 ἐαυ-

550 1042 679 1105 τῶν
715 1037 908 1105 λευκοὶ
949 1041 1283 1128 διβητήσια
1324 1038 1435 1106 καὶ
1468 1036 1551 1105 τά
1595 1041 1894 1122 χλανίδια
1956 1040 2069 1103 καὶ
2110 1034 2500 1104 εἰσοδεύουσι
2518 1084 2537 1117 ,
2594 1032 2721 1100 δεί-

554 1144 668 1222 λης
707 1139 781 1203 δὲ
825 1139 897 1204 ἐν
944 1141 1028 1227 τῇ
1084 1139 1453 1227 ὖποστροφῇ
1509 1138 1995 1225 περιβάλλονται
2033 1135 2111 1202 τά
2154 1134 2425 1219 κολώβια
2446 1186 2466 1216 ,
2527 1126 2721 1221 ἤγουν

552 1233 705 1313 τούς
740 1232 989 1322 ιιριούς,
1047 1235 1159 1302 καὶ
1191 1235 1270 1304 τὰ
1311 1236 1575 1304 διάλιθα
1619 1238 1917 1319 ζωστίκια
1959 1238 2207 1303 σπαθία
2250 1235 2362 1302 καί
2391 1238 2721 1317 στέμματα

554 1335 743 1402 λευκοὶ
764 1388 786 1421 ,
843 1339 905 1402 εἰ
938 1340 1011 1402 δὲ
1047 1340 1412 1423 βουληθῶσι
1449 1338 1704 1421 βάλλειν
1743 1333 1854 1414 τὰς
1892 1334 2115 1424 τιάρας
2137 1388 2158 1420 ,
2197 1330 2384 1423 ἤγουν
2424 1333 2538 1411 τοὶς
2575 1333 2805 1401 τού-ιο

267 1448 367 1504 Ed.
380 1449 441 1503 L.
461 1460 721 1523 ηιφας,
783 1435 1262 1523 περιβάλλονται
1314 1436 1532 1513 αὐτάς.
1613 1437 1850 1519 ἰστέον,
1916 1432 2018 1502 ὅτι
2052 1430 2249 1525 ταύτῃ
2290 1438 2374 1524 τῇ
2410 1432 2723 1519 ἓβδομάδι

552 1537 668 1618 τῆς
705 1534 1187 1620 διακαινησίμου
1231 1538 1536 1623 φοροῦσιν
1568 1534 1629 1601 οἱ
1668 1533 1967 1601 δεσπόται
1994 1535 2072 1602 τά
2115 1529 2331 1621 ἆσπρα
2370 1533 2723 1620 διβητὴσια,

553 1633 616 1698 εἰ
651 1635 725 1699 δὲ
763 1637 1129 1720 βουληθῶσι
1165 1636 1426 1720 ποιῆσαι
1463 1631 1509 1721 ἦ
1550 1630 1892 1720 πρόκενσον
1929 1637 1999 1700 ἐν
2037 1633 2348 1724 ἐκκλησίᾳ,
2390 1632 2514 1698 εἴτε
2549 1630 2726 1720 λιτὴν

550 1730 675 1799 εἴτε
716 1729 906 1819 δοχὴν
937 1735 1007 1800 ἐν
1046 1736 1134 1824 τῷ
1172 1736 1471 1822 παλατίῳ,
1512 1731 1999 1819 περιβάλλονται
2037 1732 2119 1800 τά
2159 1730 2500 1812 τζιτζάκια.
2554 1734 2725 1798 ἰστέ-

554 1854 660 1915 ον,
731 1824 831 1897 ὅτι
867 1833 951 1918 τῇ
987 1834 1174 1919 καινῇ
1212 1834 1483 1920 κυριακῇ
1501 1883 1523 1915 ,
1582 1823 1777 1918 ἤγουν
1814 1833 1938 1899 τῶν
1992 1835 2216 1915 θυρῶν
2254 1833 2804 1913 κεκλεισμένων,ι5

557 1930 788 2012 ὁμοίως
824 1932 1201 1996 ἐπιτελεῖται
1221 1956 1239 1974 ·
1321 1929 1620 2007 πολλάκις
1677 1934 1749 1997 δὲ
1763 1983 1783 2012 ,
1854 1934 1915 1998 εἰ
1970 1929 2329 1998 κελεύουσιν
2383 1929 2444 1995 οἱ
2500 1930 2728 1995 δεσπό-

556 2053 667 2095 ται
685 2081 708 2114 ,
769 2029 965 2118 ταύτῃ
1006 2032 1087 2119 τῇ
1126 2027 1316 2121 ἑορτῇ
1376 2030 1517 2097 ἀντὶ
1554 2032 1681 2098 τῶν
1721 2035 1964 2098 λευκῶν
2000 2034 2260 2118 χρυσῶν
2298 2032 2742 2118 σκαραμαῃί-.

559 2153 649 2194 ων
704 2126 1183 2216 περιβάλλονται
1221 2128 1304 2196 τά
1352 2134 1654 2217 πορφυρᾶ
1690 2135 1908 2216 χρυσᾶ
1948 2128 2419 2217 σκαραμάγγια.
2494 2130 2717 2211 ἰστέον,

557 2223 662 2293 ὅτι
713 2230 790 2316 τῇ
843 2223 1034 2316 ἑορτῇ
1085 2230 1197 2315 τῆς
1249 2231 1827 2315 μεσοπεντηκοστῆς
1891 2226 2121 2313 ὁμοίως
2180 2224 2600 2296 ἇλλάσσουσιν
2659 2225 2724 2295 οἱ

556 2323 898 2393 δεσπόται.
976 2330 1215 2410 ἰστέον,
1282 2322 1385 2393 ὅτι
1434 2330 1516 2416 τῇ
1581 2322 1769 2417 ἑορτῇ
1826 2331 1937 2414 τῆς
1997 2327 2370 2412 ἀναλήψεως
2425 2325 2550 2393 α’πὸ
2600 2330 2802 2410 ,usne

554 2427 670 2498 τοῦ
744 2425 1052 2498 παλατίου
1129 2428 1493 2514 ἐξέρχονται.
1566 2424 1627 2494 οἱ
1707 2426 2009 2495 δεσπόται
2089 2427 2254 2512 μετὰ
2341 2427 2722 2514 τριβλατίων

558 2526 1042 2612 σκαραμαγγίων
1056 2577 1115 2607 ,.
1149 2531 1261 2594 καὶ
1304 2529 1698 2615 εἰσέρχονται
1747 2529 1838 2605 εἷς
1890 2525 2002 2594 τὸν
2041 2529 2335 2614 δρόμωνα
2377 2530 2486 2593 καί
2523 2522 2718 2613 ἇπέρ-

492 2651 536 2705 Β
558 2648 782 2708 χονται
817 2628 1015 2715 μέχρι
1050 2630 1161 2714 τῆς
1193 2633 1439 2715 χρυσῆς
1477 2628 1732 2717 πόρτης,
1775 2630 1971 2693 ἑκεῶε
2012 2629 2083 2694 δὲ
2114 2625 2446 2712 βάλλοντες
2476 2624 2557 2694 τά
2593 2620 2718 2693 αὖ-

556 2726 679 2804 τῶν
716 2728 934 2813 χρυσᾶ
972 2727 1237 2794 διάλιθα
1299 2728 1547 2796 σπαθιἀ
1587 2730 1700 2796 καὶ
1734 2728 2248 2814 καβαλικεύοντες,
2281 2725 2362 2793 τοὶ
2400 2723 2716 2813 χιῶματα,

695 2922 746 2992 4.
780 2920 999 2977 τούτων
1027 2935 1132 2974 om.
1167 2920 1254 2982 cd.

557 3076 605 3128 si
628 3075 847 3129 rubram
892 3078 1126 3148 egressi,
1157 3077 1339 3129 albam
1384 3077 1674 3130 redeuntes
1716 3076 1886 3147 capiti
1919 3079 2227 3147 imponunt.
2301 3078 2467 3130 Porro
2485 3072 2710 3126 Domini

557 3145 650 3198 die
680 3147 914 3199 secunda
945 3149 1314 3200 renovationis
1340 3165 1370 3199 e
1392 3149 1603 3218 palatio
1628 3148 1859 3218 egressi,
1910 3147 2034 3199 alba
2067 3162 2311 3217 auroque
2341 3149 2550 3198 intexta
2595 3159 2714 3194 sca·

556 3217 833 3285 ramangia
872 3226 930 3270 et
966 3218 1189 3288 gemmis
1228 3227 1446 3271 ornatos
1508 3219 1682 3271 ladios
1732 3226 1960 3289 gestant.
2045 3221 2109 3271 In
2145 3216 2348 3285 templo
2385 3224 2567 3266 autem
2595 3214 2711 3263 Do·

556 3286 695 3338 mini
730 3303 955 3338 coronas
998 3288 1200 3340 virides
1236 3290 1403 3361 capiti
1433 3237 1682 3354 infidum,
1742 3297 1799 3340 et
1828 3288 1900 3339 ad
1928 3288 1982 3341 S.
2012 3290 2066 3343 S.
2101 3287 2484 3356 Apostolorum
2515 3282 2708 3335 aedem

448 3395 455 3404 .
556 3355 796 3421 abeunt,
845 3373 1074 3428 eamque
1121 3359 1406 3413 dibetesiis
1447 3360 1591 3413 albis
1624 3376 1690 3411 ac
1721 3360 1922 3411 tunicis
1953 3359 2066 3411 suis
2097 3357 2304 3420 induti,
2342 3356 2581 3418 intrant,
2620 3369 2711 3405 re-

555 3426 718 3477 duces
741 3429 953 3496 vesperi
992 3428 1208 3481 colobia
1250 3438 1307 3483 et
1337 3433 1561 3500 gemmis
1603 3437 1821 3482 ornatos
1859 3428 2064 3499 gladios
2101 3436 2157 3480 et
2185 3426 2335 3478 albas
2359 3441 2586 3482 coronas
2615 3440 2710 3475 su-

552 3503 739 3564 munt3
776 3497 863 3548 sin
892 3513 1022 3549 vero
1048 3500 1245 3562 tianm
1269 3518 1364 3553 seu
1392 3502 1620 3572 tupham
1654 3501 1821 3570 capiti
1850 3501 1924 3551 im
1968 3515 2131 3551 onere
2156 3498 2398 3561 malunt,
2433 3495 2539 3547 hoc
2569 3511 2710 3566 quo-—

552 3581 663 3635 que
689 3582 721 3616 a
768 3568 1161 3621 consuetudine
1186 3587 1298 3623 non
1328 3572 1570 3625 alienum
1605 3570 1857 3624 habetur.
1927 3519 2038 3624 {lac
2063 3571 2362 3639 septimana
2398 3567 2713 3619 renovatio-

550 3637 637 3696 nis
670 3636 938 3690 ‹libetesia
976 3639 1100 3691 alba
1137 3641 1403 3708 induunt,
1450 3645 1497 3695 si
1538 3659 1666 3695 vero
1701 3641 2100 3710 processionem
2135 3639 2206 3691 ad
2267 3638 2562 3706 templum,
2615 3642 2713 3688 aut

547 3723 835 3780 pompam,
885 3718 982 3762 aut
1017 3714 1382 3783 receptionem
1415 3714 1634 3766 institui
1675 3711 1872 3764 iubent
1898 3711 1956 3762 in
1987 3710 2226 3781 palatio,
2263 3708 2509 3760 tzitzacia
2545 3705 2712 3758 indu-

549 3786 667 3829 unt.
736 3781 1023 3833 Dominica
1066 3799 1204 3836 nova
1241 3800 1336 3836 scu
1382 3784 1684 3836 clausarum
1719 3789 2000 3852 portarum
2044 3780 2238 3832 eodem
2268 3779 2433 3831 modo
2465 3777 2711 3830 celebra-

552 3855 659 3904 tur.
732 3851 907 3922 Saepe
953 3854 1149 3919 etiam,
1186 3856 1233 3906 si
1260 3856 1511 3908 Dominis
1536 3854 1703 3920 libet,
1751 3851 1858 3903 hoc
1883 3852 2023 3903 festo
2045 3869 2147 3922 pro
2177 3850 2319 3902 albis
2347 3864 2593 3919 auroque
2621 3848 2712 3906 in-

547 3920 713 3972 textis
748 3925 1126 3994 scaramangiis
1151 3941 1427 3995 purpurea
1481 3942 1616 3977 auro
1656 3930 1847 3976 ornata
1882 3921 2137 3982 induunt.
2219 3924 2282 3974 In
2311 3919 2452 3972 sesto
2493 3917 2708 3973 mediae

545 3997 891 4060 pentecostes
920 3993 1193 4055 similibus
1224 3998 1534 4048 mutatoriis
1559 4002 1803 4049 utuntur.
1876 3995 1938 4044 In
1964 3994 2104 4044 sesto
2128 3992 2460 4044 ascensionis
2483 3985 2708 4041 Domini

548 4065 927 4132 scaramangiis
958 4064 1253 4117 triblatteis
1276 4083 1308 4117 e
1330 4068 1540 4136 palatio
1563 4067 1859 4136 progressi,
1897 4064 2132 4118 celocem
2158 4060 2532 4114 conscendunt
2552 4065 2609 4109 et
2634 4053 2708 4106 nd

546 4140 758 4200 portam
799 4150 1019 4186 auream
1059 4135 1294 4199 abeunt,
1334 4136 1431 4192 ubi
1468 4137 1648 4188 aureis
1685 4136 2077 4205 gemmatisque
2107 4133 2302 4203 gladiis
2334 4130 2525 4193 cincti,
2558 4140 2705 4197 equo

549 4205 879 4258 ornamentis
918 4206 1057 4260 circa
1095 4206 1297 4261 collum
1326 4208 1593 4265 instructo
1617 4206 1917 4272 vehuntur,
1952 4213 2011 4259 et
2037 4204 2108 4259 ad
2137 4200 2498 4258 venerandam
2525 4211 2707 4257 sacto-
