3050 4900
259 1061 597 1164 talesque
633 1062 1029 1159 pertinent
1080 1064 1343 1135 ceteris
1381 1083 1522 1159 per
1558 1063 2083 1160 septentrionis
2130 1067 2477 1165 regiones

256 1214 531 1311 positis
570 1207 1027 1311 praefulget
1046 1207 1239 1309 fere
1287 1206 1647 1282 omnibus.
1767 1208 1928 1283 Iam
1992 1233 2180 1283 vero
2248 1236 2475 1313 quum

265 1356 443 1429 :aas
505 1358 611 1428 sic
634 1410 659 1443 ,
742 1355 1144 1453 peregrini
1205 1378 1496 1456 quoque
1573 1358 1867 1455 pariter
1935 1318 2103 1430 c'um
2174 1357 2474 1435 civibus

270 1504 655 1578 liberrimo
701 1500 811 1575 ad
857 1504 1024 1575 eius
1055 1501 1445 1575 thesauros
1489 1500 1827 1602 gaudent
1872 1500 2089 1576 aditu
2106 1530 2130 1575 .·
2177 1527 2475 1577 verum-

272 1670 523 1727 tamen
548 1669 964 1743 vestrates,
1014 1676 1205 1757 quae
1246 1656 1613 1727 maiorum
1622 1653 1962 1755 fortuna
1997 1670 2070 1728 et
2108 1654 2476 1752 sapientia

279 1799 748 1878 bibliothecis
780 1803 1067 1889 intulit,
1093 1811 1452 1905 gnaviter
1474 1820 1746 1881 eruunt
1767 1807 1955 1906 ipsi,
1988 1800 2479 1903 publicaeque

268 1949 429 2022 luci
478 1967 707 2056 atque
775 1952 1090 2027 utilitati
1153 1952 1480 2029 tradunt.
1594 1951 1802 2030 Hinc
1858 1951 2331 2053 praeclaram
2393 1954 2475 2023 in

277 2099 689 2179 Germania
724 2121 963 2208 =atque
1013 2108 1095 2179 in
1143 2111 1577 2181 universum
1626 2103 1835 2205 apud
1883 2118 2189 2178 cunctos
2238 2101 2477 2175 bonae

270 2249 665 2327 doctrinae
708 2240 1227 2331 aestimatores
1252 2279 1555 2361 ‚aequos
1602 2270 1678 2330 et
1719 2256 2006 2356 peritos
2099 2247 2251 2326 sibi
2313 2247 2475 2320 lau-

270 2399 439 2475 dem
523 2409 821 2506 peperit
918 2405 1007 2482 0.
1100 2403 1203 2482 D.
1274 2406 1819 2495 Βιοοηιυε,
1915 2406 2084 2509 qui,
2152 2394 2474 2499 prolatis

272 2549 700 2627 Ηεωᾱᾱυιι·
771 2553 1190 2659 cutemque
1267 2555 1519 2641 libres,
1595 2515 1797 2630 *incer
1881 2552 2051 2626 tuos
2136 2561 2474 2621 censetur

274 2702 406 2797 qui
474 2699 807 2776 reductis
883 2703 1260 2802 peculiari
1319 2702 1606 2777 saeculi
1670 2705 1915 2778 nostri
1950 2699 2339 2802 felicitate
2392 2695 2472 2764 in

282 2846 523 2915 vitam
567 2846 777 2923 libris
822 2866 1162 2925 veterum
1184 2908 1205 2942 ‚
1298 2874 1719 2930 communes
1764 2853 2182 2925 extiterunt
2222 2842 2472 2944 philo-

273 2977 635 3090 logorum
664 2995 1175 3099 benefactores
1188 3026 1211 3070 .·
1276 3023 1429 3072 non
1476 3003 1722 3074 minus
1776 3001 1928 3072 ins'i
1925 3001 2100 3097 gnis
2132 2996 2472 3070 acumine

274 3138 567 3239 ingenii
606 3141 1145 3248 doctrinaeque
1182 3149 1682 3245 praestantia,
1752 3142 1932 3218 dum
1981 3142 2472 3241 depravatam

271 3292 477 3360 unici
518 3288 811 3364 codicis
856 3293 1337 3391 scriptionem
1375 3288 1736 3366 emendat.
1806 3288 2001 3363 Eum
2050 3291 2291 3388 igitur
2325 3311 2471 3386 per

265 3432 556 3509 litteras
605 3435 819 3522 adii,
868 3437 1185 3513 simulac
1230 3437 1331 3513 de
1390 3436 1708 3546 edendis
1772 3433 2205 3511 Reislcianis
2264 3440 2471 3536 cogi-

264 3584 616 3658 tationem
644 3608 1122 3687 susceperam
1137 3641 1161 3672 ,
1216 3584 1442 3691 idque
1473 3610 1565 3660 eo
1593 3589 1841 3687 magis
1873 3583 2079 3682 quod
2090 3642 2115 3676 ,
2156 3601 2470 3687 propter

261 3745 369 3803 tot
412 3756 791 3807 annorum
824 3731 1276 3825 absentiam,
1331 3759 1604 3833 parum
1643 3758 1934 3835 gnarus
1981 3740 2467 3814 mutationum

264 3879 450 3977 quae
532 3884 837 3956 interea
904 3881 1390 3974 accidissent,
1482 3885 1739 3955 nescio
1818 3877 2188 3982 quomodo
2282 3885 2476 3960 mihi

246 4058 791 4136 persuaseram
874 4037 1340 4140 adscriptum
1399 4061 1561 4115 esse
1607 4035 1905 4139 Regiae
1979 4035 2470 4111 bibliothecae

130 4211 139 4298 s
258 4187 539 4267 Virum
596 4185 1129 4261 clarissimum.
1231 4183 1652 4286 Respondit
1720 4186 1844 4262 ille
1893 4188 2201 4260 comiter
2248 4196 2472 4284 atque
