3050 4900
598 315 629 373 1
644 284 761 371 30
1002 306 1547 375 consummi
1603 307 2337 375 Poapmoomn

582 470 709 534 υὸν
750 450 1094 552 πατρικίων
1120 460 1237 529 καὶ
1270 465 1385 547 τῆς
1428 458 1780 547 συγκλήτου
1821 465 1908 528 δι’
1953 458 2105 549 ὅλης
2141 468 2256 549 τῆς
2288 462 2762 549 προελεύσεως·

580 569 698 633 τοῦ
734 568 805 631 δὲ
849 563 1165 649 βασιλέως
1205 559 1568 641 ἐξελθόντος
1601 559 1719 646 τήν
1750 564 1866 627 τοῦ
1898 567 2246 633 πουλπίτου
2290 559 2528 647 πύλην,
2565 558 2778 648 ἤγουν

582 669 678 741 εἷς
714 661 824 730 τὸν
875 659 1184 744 σ’νόποδα,
1240 659 1357 726 καὶ
1395 657 1654 737 στάντος
1704 661 1908 725 αύτοῦ
1949 665 2192 742 ἐκεῖσε,
2237 653 2434 738 αὖθις
2464 659 2760 739 πεσόντες

585 763 647 830 οἱ
693 765 1014 848 πατρίκιοι
1054 761 1169 827 καί
1203 759 1265 827 οἷ
1326 759 1566 842 λοιποὶ,
1626 758 1962 842 ἱσταμένου
2013 764 2130 825 τοῦ
2165 762 2277 845 τῆς
2316 760 2759 838 καταστάσεως

554 861 973 950 “ἔμπροσθ·εν,
1014 859 1229 945 λαβών
1276 865 1482 943 νεῦμα
1524 857 1560 924 ὃ
1603 856 2019 946 πραιπόσιτος
2049 858 2228 947 παρά
2276 862 2392 924 τοῦ
2422 863 2794 948 βασιλέως,5

576 960 751 1029 νεύει
786 964 875 1050 τῷ
911 965 1024 1046 τῆς
1063 956 1535 1041 καταστάσεως,
1594 958 1711 1025 καὶ
1750 959 1922 1043 λέγει
1958 1009 2002 1042 ,,
2024 954 2421 1041 κελεύσατε”,
2489 959 2605 1026 καὶ
2642 985 2760 1025 κα-

574 1057 906 1146 τέρχονται
943 1055 1170 1136 πάντες
1186 1056 1194 1069 ’
1210 1062 1302 1135 εἰς
1332 1058 1404 1124 τὰ
1448 1054 1927 1149 κονσιστοόριον,
1969 1057 2084 1124 καὶ
2117 1055 2376 1135 στάντος
2415 1063 2532 1125 τοῦ
2568 1064 2758 1141 βασι-

574 1164 735 1237 λέως
789 1155 1084 1226 ύποκάτω
1125 1163 1243 1225 τοῦ
1300 1164 1732 1243 καμελαυκίου
1813 1162 1907 1236 εἷς
1980 1157 2092 1227 τόν
2128 1161 2507 1247 πορφυροῦν
2546 1161 2755 1238 λίθον,

573 1263 1002 1347 προσκυνοῦσι
1040 1255 1267 1336 πάντες
1308 1257 1369 1324 οἱ
1400 1259 1845 1346 προειρημένοι
1883 1256 2044 1341 μετά
2086 1255 2295 1344 πάσης
2331 1261 2445 1344 τῆς
2483 1255 2758 1343 συγκλή-

573 1382 721 1441 του,
779 1355 1043 1436 ἑστῶτος
1098 1354 1213 1424 mic*
1260 1361 1681 1444 σιλεντιαρίου
1733 1356 2096 1445 ἔμπροσθεν
2147 1362 2263 1444 τῆς
2295 1356 2522 1444 πύλης.
2619 1352 2846 1427 eltuto

505 1466 549 1518 B
576 1455 749 1524 νεύει
788 1453 822 1531 ἃ
874 1457 1182 1542 βασιλεύς
1218 1461 1308 1549 τῷ
1346 1462 1779 1547 πραιποσίτφ,
1842 1458 1880 1522 o‘
1925 1460 1998 1523 δὲ
2052 1457 2469 1545 πραιπόσιτος
2523 1458 2614 1547 τῷ
2653 1481 2756 1522 σι·-

576 1561 936 1648 λεντιαρίῳ,
993 1560 1276 1634 κᾶκεῖνος
1316 1560 1501 1643 λέγει.
1520 1553 1996 1639 ,,κελεύσατε”.-
2031 1556 2102 1624 τὸ
2148 1560 2221 1623 δὲ
2261 1555 2592 1641 βασιλικὸν
2633 1552 2754 1642 ἅρ-

575 1683 671 1742 μα
709 1650 1125 1741 βαστάζοντες
1162 1655 1522 1744 σπαθάριοι
1560 1656 1885 1742 βασιλικοὶ
1909 1651 2309 1723 διοδεύουσιν
2336 1649 2603 1723 ὄπισθεν
2627 1659 2756 1722 τῶν

575 1752 915 1843 βαρβάτων
952 1760 1548 1844 πρωτοσπαθαρίων
1585 1760 1655 1823 ἐν
1691 1752 1919 1846 ἑκάστῃ
1961 1754 2332 1843 προελεύσει
2371 1752 2603 1838 οῦτως,
2642 1754 2770 1821 καὶ·

577 1858 936 1941 διέρχονται
978 1853 1246 1932 ἅπαντες
1289 1854 1398 1921 διά
1438 1861 1566 1922 των
1606 1858 2045 1940 ἐκσκουβίτων.
2126 1853 2486 1944 ἔμπροσθεν
2527 1860 2598 1922 δὲ
2625 1854 2836 1922 τῶνιό

574 1957 769 2040 τριῶν
804 1958 1024 2018 πυλῶν
1064 1959 1183 2020 τοῦ
1210 1957 1660 2041 κονσιστωρίου
1696 1953 1955 2042 α’ντικρύ
1999 1957 2252 2023 ἵσταται
2292 1952 2326 2019 ὃ
2369 1958 2598 2041 κλῆρος
2634 1957 2753 2020 τοῦ

576 2057 835 2140 κυρίου,
889 2050 1226 2138 βαστάζων
1264 2053 1544 2140 σταυρὸν
1598 2054 1714 2120 καὶ
1748 2052 2098 2138 θυμιατὸν,
2165 2052 2278 2120 καὶ
2312 2052 2752 2141 προσκυνήσας

574 2151 687 2220 τὸν
721 2152 1002 2240 σταυρὸν
1041 2153 1078 2218 ὅ
1117 2152 1454 2237 βασιλεύς,
1508 2151 1596 2231 οἷς
1634 2153 1913 2222 εἴθισται
1954 2157 2127 2245 αύτῷ
2165 2153 2323 2221 κατά
2366 2157 2739 2242 προέλευσιν

574 2262 818 2335 ποιεῖν,
876 2255 1201 2338 διέρχεται
1263 2253 1373 2319 διά
1430 2258 1558 2320 τῶν
1616 2256 2068 2338 ἔκσκουβίτων,
2127 2250 2584 2337 σ’ψικευόμενος
2618 2251 2744 2318 ύπό

573 2376 643 2418 τε
678 2356 793 2437 τῆς
830 2349 1178 2438 συγκλήτου
1220 2352 1335 2418 καὶ
1365 2357 1492 2419 τῶν
1531 2356 1777 2419 σκευῶν
1812 2351 1972 2419 κατὰ
2013 2351 2190 2433 τάξον
2230 2352 2592 2439 ἔμπροσθεν
2628 2354 2840 2422 roffae

574 2447 854 2536 μεγάλου
895 2455 1178 2539 σταυροῦ
1218 2450 1402 2519 ἔνθεν
1437 2456 1717 2519 κιῖκεῖσε.
1799 2457 1917 2518 τοῦ
1955 2456 2027 2520 δὲ
2063 2456 2378 2538 βασιλέως
2414 2457 2744 2536 μέλλοντος

571 2549 686 2635 τὴν
740 2548 1020 2636 μεγάλην
1073 2549 1279 2636 πύλην
1332 2557 1458 2618 τῶν
1519 2556 1938 2635 ἐκσκουβίτων
1992 2555 2306 2635 διελθεῖν,
2368 2557 2433 2620 εἰ
2464 2554 2582 2636 μέν
2621 2555 2766 2619 εἰσι·

526 2655 922 2737 Οσκρίβωνες
978 2652 1304 2733 μέλλοντες
1359 2654 1801 2739 προβληθῆναι
1853 2655 1934 2740 τῇ
1972 2649 2148 2731 τάξει
2200 2651 2397 2743 ταύτῃ
2413 2703 2433 2734 ,
2492 2649 2751 2726 στάντος

571 2753 689 2817 τοῦ
725 2752 1041 2835 βασιλέως
1076 2754 1271 2834 μέσον
1304 2756 1416 2837 τῆς
1454 2754 1676 2836 πύλης,
1719 2749 1961 2837 εἰσάγει
1985 2750 2024 2817 ὅ
2066 2756 2429 2837 δομέστικος
2452 2756 2581 2820 τῶν
2608 2756 2770 2820 ἐκσ-.

677 2890 762 2941 23.
801 2889 1209 2959 προβληθῆναι,
1245 2890 1312 2962 τῇ
1333 2886 1489 2950 τάξει
1527 2887 1699 2957 ταύτῃ
1726 2887 1913 2943 στάντ’.
1942 2888 2031 2948 ed.

570 3008 679 3078 piti
729 3018 943 3079 portam
1000 3027 1095 3063 sen
1162 3009 1233 3063 ad
1283 3010 1618 3081 onopodium
1674 3027 2015 3082 progressum
2066 3017 2123 3063 et
2172 3007 2255 3064 ibi
2313 3017 2573 3074 stantem,
2625 3029 2750 3064 rur-

572 3096 661 3132 sus
712 3081 931 3150 patricii
977 3083 1258 3155 ceterique
1304 3098 1476 3150 prono
1514 3083 1574 3134 in
1614 3089 1812 3136 terram
1848 3083 2004 3133 vultu
2039 3079 2297 3146 adorant,
2335 3081 2491 3133 adest
2523 3097 2747 3151 quoque

573 3150 1011 3215 cerimoniarius‚
1046 3151 1134 3206 cui
1172 3155 1533 3222 praepositus,
1571 3160 1792 3220 accepto
1837 3152 1906 3203 ab
1945 3154 2276 3220 Imperatore
2307 3152 2494 3220 signo,
2531 3152 2747 3214 annuit,

573 3219 797 3273 diceus:
839 3223 1061 3288 Iubere,
1101 3232 1158 3276 et
1194 3240 1380 3275 omnes
1419 3223 1487 3274 ad
1525 3222 1905 3275 consistorium
1942 3222 2187 3286 abeunt,
2223 3230 2279 3274 et
2324 3222 2746 3289 Imperatorem,

575 3288 676 3340 sub
716 3292 1045 3344 camelaucio
1080 3293 1140 3345 in
1175 3293 1560 3363 porphyretico
1598 3292 1781 3363 lapide
1820 3294 2199 3357 constitutum,
2245 3308 2353 3343 una
2390 3309 2509 3342 cum
2547 3299 2744 3343 senatu

571 3360 827 3411 universo
883 3362 1147 3427 adorant,
1196 3365 1499 3416 silentiario
1547 3379 1767 3434 quoque
1819 3372 1947 3415 ante
2001 3373 2211 3434 portam
2259 3370 2464 3420 stante,·
2527 3360 2745 3414 Deinde

573 3429 769 3482 rursus*
795 3432 1090 3500 Imperator
1127 3435 1468 3505 praeposito,
1505 3435 1849 3505 praepositus
1888 3434 2185 3487 silentiario
2221 3434 2265 3484 si
2304 3449 2432 3483 num
2469 3430 2600 3494 dat,
2647 3431 2745 3503 qui

576 3499 740 3551 dicit:
782 3500 988 3560 Iubete.
1075 3505 1426 3587 Imperatoria
1480 3521 1609 3556 vero
1663 3521 1806 3556 arma
1843 3512 2113 3576 gestantes
2158 3519 2250 3573 spa
2318 3502 2418 3558 arii
2454 3511 2579 3573 post
2617 3501 2747 3555 bar-

573 3569 732 3622 batos
769 3571 1233 3641 protospatharios
1272 3576 1348 3627 sic
1384 3576 1444 3626 in
1479 3591 1809 3647 unaquaque
1841 3576 2189 3644 processione
2211 3570 2501 3642 prodeunt,
2535 3589 2747 3644 perque

570 3639 829 3694 excubias
873 3658 1059 3695 omnes
1098 3645 1414 3712 procedunt.
1487 3645 1628 3698 Ante
1666 3655 1773 3698 tres
1836 3644 2142 3698 consistorii
2184 3652 2370 3715 portas
2410 3643 2585 3696 clerus
2627 3645 2747 3696 Do-

576 3711 717 3762 mini
769 3728 889 3764 cum
947 3731 1103 3766 cruce
1154 3723 1210 3767 et
1257 3715 1583 3768 suffimentis
1643 3724 1783 3780 stat,
1837 3718 2169 3785 Imperator,
2227 3714 2386 3765 utin
2423 3713 2744 3767 solennibus

574 3782 791 3852 pompis
830 3785 936 3853 ipsi
974 3799 1089 3837 mos
1127 3795 1241 3847 est,
1278 3803 1433 3838 cruce
1468 3787 1720 3851 adorata,
1759 3805 1787 3839 a
1824 3795 2013 3838 senatu
2054 3794 2110 3837 et
2144 3785 2407 3837 ministris
2446 3783 2746 3837 secundum

571 3852 820 3905 ordinem
856 3870 919 3906 ac
954 3864 1231 3926 receptum
1271 3874 1474 3908 morcm
1512 3859 1772 3927 utrinque
1812 3858 2062 3927 stipatus,
2097 3864 2227 3908 ante
2261 3873 2505 3924 magnam
2531 3869 2745 3907 crucem

570 3924 787 3981 transit.
860 3925 1004 3976 Dum
1044 3943 1171 3977 vcro
1208 3927 1277 3979 ad
1316 3941 1559 3998 magnam
1603 3928 1980 3980 excubitorum
2019 3935 2230 3996 portam
2270 3925 2603 3996 digressurus
2640 3930 2740 3984 est,

570 3995 618 4046 si
656 3996 777 4066 quis
815 3996 995 4048 scribo
1032 3998 1431 4067 promovendus
1484 4008 1599 4061 est,
1659 4015 1814 4062 cum,
1868 3999 2198 4065 Imperatore
2236 3996 2295 4048 in
2336 3996 2517 4048 medio
2555 4002 2743 4064 portae

568 4067 867 4118 constituto
893 4106 908 4128 ,
946 4066 1272 4124 domesticus
1312 4068 1688 4121 excubitorum
1725 4076 1781 4119 ct
1831 4069 2246 4120 cerimoniarum
2281 4068 2566 4137 magister,
2606 4064 2742 4114 scri-

566 4134 768 4188 bonem
813 4140 1174 4201 comitantes,
1215 4138 1508 4194 adducunt.
1610 4140 1710 4192 Cui
1745 4139 2046 4210 Imperator
2081 4145 2420 4208 acceptam-a
2457 4134 2744 4209 praeposi-

566 4211 627 4256 to
660 4207 862 4276 virgam
896 4209 1099 4274 tradit,
1135 4209 1180 4262 is
1218 4225 1337 4263 eam
1373 4219 1567 4264 teneus
1605 4208 1758 4275 abit,
1794 4217 1852 4263 et
1889 4210 1949 4263 in
1984 4206 2177 4263 ordine
2217 4223 2316 4262 suo
2351 4213 2472 4262 stat.
2527 4202 2745 4259 Deinde
