3050 4900
561 239 732 357 574
957 268 1494 334 CONSTANTINI
1551 215 2302 337 Ponpnrssoemm.

551 450 636 514 ρα
676 418 801 489 οἷπὸ
842 422 1159 510 μυῤῥίνης
1198 420 1308 487 καί
1369 420 1886 510 δενδρολιβάνου.
1969 428 2205 507 ἷστέον,
2286 418 2377 492 ὅτι
2433 427 2594 510 μετά
2643 426 2713 495 τᾶ

548 529 860 593 εἰσελθεῖν
916 523 999 587 τὰ
1057 526 1223 607 βῆλα
1275 524 1344 587 ἐν
1402 525 1492 610 τῷ
1523 524 1792 617 ἱμεγάλῳ
1854 527 2143 613 τρικλίνῳ
2198 529 2312 612 τῆς
2348 527 2724 616 μανναύρας

547 620 906 711 κατεράνθη
951 618 1095 700 ὅλος
1136 619 1171 686 ὅ
1210 623 1520 706 τρίκλινος
1562 622 1687 686 dno*
1736 619 1952 707 ῥόδου.
2038 624 2280 708 ἰστέον,
2352 620 2449 691 ὅτι
2506 627 2576 693 ἐν
2633 630 2726 716 τῷ

253 738 299 794 E
323 739 532 794 1.1..332
554 720 676 813 ὅλῳ
716 722 942 811 ἐδάφει
980 727 1092 788 τοῦ
1134 722 1633 807 οἰναδενδραδίου
1697 727 1807 787 καί
1845 726 1961 788 τοῦ
1999 717 2338 808 ᾶνάγοντος
2373 727 2723 795 πουλπίτου

554 827 644 905 εἰς
685 822 795 890 τὸν
829 824 1305 911 μεγατρύελινον
1360 819 1749 907 ἡπλῶθὴσαν
1805 821 2159 905 ἁπλῶματα
2223 829 2490 912 πέρσικα
2530 827 2765 892 πολύ-5

550 950 734 1007 τιμα.
817 924 1061 1004 ἰστέον,
1120 917 1217 987 ὅτι
1262 919 1328 987 οἱ.
1361 922 1707 1007 μάγιστροι
1746 921 1855 987 καί
1891 921 1949 987 οἱ
1991 924 2409 1010 εὐειδέστεροι
2446 930 2571 992 τῶν
2613 922 2728 991 ἇν-

257 1037 361 1091 Ma.
389 1022 859 1110 194.1>θυπάτων
898 1023 1219 1109 ἐφόρεσαν
1257 1019 1409 1098 τοὺς
1464 1018 1743 1107 λώρους·
1829 1025 2186 1100 σκεπεῶνας
2245 1026 2315 1091 δὲ
2354 1021 2398 1110 ἢ
2440 1020 2728 1105 ἀνεξικα-

547 1128 691 1200 κίας
731 1124 847 1187 οὐκ
892 1119 1263 1205 ἐβάσταξαν.
1297 1160 1316 1204 ,
1348 1118 1407 1184 οἱ
1463 1119 1677 1185 λοιποὶ
1732 1119 2096 1187 ἀνθύπατοι
2150 1128 2265 1189 καί
2299 1126 2622 1213 πατρίκιοι
2660 1128 2728 1189 εἱ·

552 1224 833 1311 φόρεσαν
885 1218 966 1285 τοὶ
1029 1216 1278 1285 ἑαυτῶν
1333 1223 1602 1301 καμίσια
1652 1222 1762 1286 καὶ
1811 1219 1891 1285 τὰ
1942 1219 2347 1308 χρυσόταβλα
2397 1227 2726 1307 χλανίδια.

552 1324 615 1387 οἱ
655 1323 710 1387 δ’
750 1313 1042 1403 εὖνοῦχοι
1081 1319 1646 1406 πρωτοσπαθὰριοι
1685 1316 1843 1402 μετά
1885 1319 1966 1385 τὰ
2007 1316 2252 1387 ἑαυτῶν
2286 1325 2585 1407 στιχάρια
2615 1326 2809 1388 καίῐο

550 1420 828 1505 σαβάνια
882 1422 992 1485 καὶ
1049 1422 1264 1505 χρυσᾶ
1286 1456 1294 1468 -
1323 1416 1635 1500 μανιάκια
1677 1419 2037 1502 ἐβάστασαν
2080 1417 2158 1485 τά
2196 1425 2412 1505 χρυσᾶ
2456 1422 2723 1487 διάλιθα

548 1519 1031 1601 σπαθοβάκλια.
1114 1515 1174 1582 οἱ
1215 1516 1427 1582 λοιποί
1464 1517 1764 1601 εὐνοῦχοι
1803 1517 2369 1605 πρωτοσπαθάριοι
2409 1520 2723 1607 ἐφόρεσαν

490 1617 633 1691 Bw?
673 1612 913 1684 ἑαυτῶν
954 1615 1262 1703 στιχάρια
1303 1616 1415 1683 καὶ
1449 1615 1790 1699 μανιάκια.
1877 1614 2372 1705 οἱιπριμικήριοι
2413 1617 2725 1706 ἒφόρεσαν

545 1716 628 1784 τοὶ
670 1713 919 1782 ἑαυτῶν
959 1716 1266 1804 στιχάρια
1308 1710 1462 1782 ᾶνευ
1499 1716 1871 1803 χλανιδίων.
1953 1715 2012 1780 οἶ
2051 1717 2435 1804 μάγιστροι,
2478 1719 2566 1795 ῶς
2606 1743 2725 1806 φο-

547 1820 839 1901 ρέσαντες
877 1813 1022 1892 τούς
1061 1815 1337 1903 λῶρους,
1407 1813 1754 1881 δεδώκασιν
1812 1814 1891 1880 τὰ
1948 1814 2195 1882 ἑαυτῶν
2250 1815 2554 1906 στιχάρια
2593 1823 2801 1894 τοῖςι5

547 1914 639 2001 μῆ
682 1914 902 1999 ἔχουσι
938 1917 1368 2001 πριμικηρίοις
1423 1917 1560 1980 ἴδια
1600 1913 1937 2000 στιχάρια.
2023 1914 2084 1981 οἱ
2146 1910 2457 2002 ὄστιάριοι
2513 1919 2726 1986 ἐπάνω

555 2018 686 2078 τῶν
723 2017 1035 2097 καμισάον
1090 2012 1407 2102 ἐφόρεσαν
1462 2013 1540 2080 τά
1576 2019 1796 2100 χρυσᾶ
1837 2016 2247 2099 παραγαῦδια
2287 2016 2399 2082 καί
2459 2019 2730 2101 ἐβάστα-

559 2139 683 2180 σαν
748 2110 831 2178 τοὶ
883 2115 1103 2199 χρυσᾶ
1158 2112 1423 2179 διάλιθα
1480 2114 1741 2199 βεργία.
1827 2112 1887 2178 οἱ
1927 2119 2139 2180 λοιποὶ
2181 2114 2490 2202 ὄστιάριοι
2532 2118 2591 2182 οἱ
2629 2115 2721 2203 μὴ

549 2210 799 2296 ἔχοντες
835 2217 1050 2298 χρυσοῖ
1089 2212 1500 2298 παραγαύδια
1544 2212 1854 2301 ἐφόρεσαν
1884 2214 2097 2280 ἐπάνω
2131 2217 2251 2280 τῶν
2294 2218 2607 2297 καμισίων
2644 2217 2728 2283 τᾶ

549 2309 793 2379 ἑαυτῶν
828 2312 1161 2395 χλανίδια.
1210 2314 1270 2379 οἱ
1309 2314 2114 2402 σπαθαροκουβικουλάριοι
2154 2313 2472 2400 ἕφόρεσαν
2506 2316 2810 2381 ἐπάνωαο

548 2413 673 2478 τῶν
711 2415 1020 2495 καμισίων
1061 2408 1279 2481 αὖτῶν
1332 2418 1550 2502 χρυσᾶ
1591 2412 2002 2501 παραγαύδια
2058 2417 2169 2481 καί
2220 2415 2297 2481 τά
2354 2412 2727 2499 χρυσόκανα

549 2514 800 2580 σπαθία
836 2513 962 2578 τῶν
1001 2512 1388 2595 ἀξιωμάτων.
1477 2514 1537 2578 οῖ
1577 2518 1787 2580 λοιποί
1822 2518 2618 2599 σπαθαροκουβικουλάριοι
2660 2510 2725 2577 οἱ

552 2610 645 2699 μὴ
689 2609 936 2695 ἔχοντες
973 2615 1193 2698 χρυσᾶ
1232 2611 1641 2702 παραγαύδια
1699 2613 2018 2702 ἐφόρεσαν
2053 2612 2132 2680 τά
2175 2609 2420 2679 ἑαυτῶν
2458 2611 2725 2696 καμίσια

553 2850 918 2921 Dominisque
970 2850 1401 2919 frequentatiora
1442 2857 1619 2917 myrto
1662 2857 1719 2904 et
1756 2852 2054 2905 rosmarino
2095 2866 2384 2922 conspersa
2433 2857 2618 2914 erant3
2675 2858 2733 2904 et

556 2930 686 2990 post
725 2923 1016 2973 introitum
1045 2922 1287 2974 velorum
1325 2924 1385 2973 in
1423 2938 1676 2987 magnum
1712 2923 2013 2974 triclinium
2050 2939 2375 2991 magnaurae
2411 2938 2731 2992 consperge-

556 2992 723 3044 batur
764 2991 826 3044 id
865 2994 1044 3060 ipsum
1080 2999 1256 3043 totum
1303 2994 1456 3044 rosis.
1530 2993 1671 3044 Tota
1716 3010 1935 3063 quoque
1973 2992 2170 3044 humus
2208 2991 2452 3045 viridarii
2500 3001 2556 3046 et
2601 2992 2734 3062 pul-

556 3063 662 3131 piti
721 3079 815 3114 seu
882 3062 1182 3131 pavimenti
1219 3063 1569 3125 excelsioris,
1605 3078 1704 3130 per
1751 3065 1983 3134 quaein
2024 3080 2272 3132 magnum
2316 3066 2479 3114 modo
2523 3062 2732 3114 dictum

558 3132 863 3184 triclinium
907 3134 1177 3193 intratur,
1231 3141 1498 3185 constrata
1540 3142 1655 3185 erat
1702 3135 1981 3203 tapetibus
2018 3136 2246 3187 Persicis
2292 3135 2472 3202 magni
2517 3132 2731 3185 valoris.

560 3202 844 3270 Quantum
881 3202 952 3254 ad
991 3202 1209 3254 habitus
1244 3219 1527 3271 procerum
1579 3204 1810 3268 attinet,
1857 3206 2098 3274 magistri
2140 3203 2360 3274 quidem
2399 3211 2456 3253 et
2496 3218 2733 3274 procon-

557 3272 740 3324 sulum
785 3276 1018 3325 maxime
1060 3274 1291 3342 speciosi
1342 3270 1625 3344 gestabant
1672 3276 1858 3339 loros,
1907 3277 2111 3347 absque
2162 3283 2341 3324 tamen
2390 3273 2735 3340 scipionibus

561 3353 662 3394 aut
694 3344 1016 3412 manipulis3
1055 3345 1255 3414 reliqui
1288 3353 1468 3396 autem
1504 3347 1854 3414 proconsules
1897 3354 1953 3398 et
1988 3346 2203 3416 patricii
2237 3344 2455 3394 camisia
2494 3359 2590 3394 sua
2635 3358 2737 3410 ge-

561 3412 762 3466 rebant
801 3422 858 3465 et
892 3415 1101 3467 tunicas
1139 3433 1257 3467 cum
1291 3415 1468 3467 aureis
1500 3415 1709 3471 tabliis.
1744 3416 1995 3468 Eunuchi
2032 3410 2454 3485 protospatharii
2492 3419 2735 3482 quatuor

604 3492 778 3536 raeter
811 3486 1085 3536 strictoria
1125 3503 1220 3537 sua
1260 3494 1317 3538 et
1353 3486 1572 3538 sabania
1606 3487 1695 3538 vel
1749 3487 1916 3538 lintea
1955 3495 2011 3538 et
2063 3500 2253 3537 aureos
2292 3492 2512 3551 torques
2553 3491 2738 3551 gesta-

558 3500 699 3606 bant
734 3572 843 3625 quo
889 3571 956 3606 ue
993 3572 1154 3607 aurea
1188 3559 1409 3626 gemmis
1437 3557 1613 3609 obsita
1648 3556 2020 3626 spathobaclia
2048 3554 2160 3626 [seu
2200 3560 2386 3606 contos
2423 3555 2483 3604 in
2519 3570 2734 3605 summo

557 3624 675 3677 lata
712 3641 865 3694 romp
908 3640 1005 3676 aea
1042 3626 1440 3698 praeferratosl.
1514 3626 1696 3680 Ceteri
1735 3627 1971 3681 eunuchi
2006 3622 2432 3696 protospatharii
2469 3641 2566 3676 sua
2600 3624 2735 3675 stri·

559 3694 733 3748 etot-ia
785 3703 842 3747 et
894 3703 1114 3764 torques
1163 3696 1539 3750 tantummodo
1593 3699 1869 3767 gerebant.
1951 3696 2255 3751 Primicerii
2301 3694 2564 3764 gerebant
2598 3694 2738 3746 stri-

559 3767 734 3818 ctoria
769 3783 866 3817 sua
901 3764 1108 3836 absque
1145 3770 1372 3836 tunicis;
1419 3775 1511 3832 et,
1553 3770 1599 3820 si
1640 3771 1736 3839 qui
1789 3786 1977 3823 eorum
2029 3767 2251 3837 propria
2300 3783 2413 3819 non
2463 3764 2736 3817 haberent

559 3837 871 3900 strictoria,
923 3837 1230 3890 induebant
1284 3841 1383 3893 illa
1435 3840 1809 3908 magistrorum
1851 3879 1867 3904 ,
1942 3845 2135 3908 utpote
2197 3838 2341 3889 loros
2411 3835 2732 3905 gerentium.

561 3908 791 3962 ostiarii
839 3924 1004 3976 super
1033 3909 1267 3962 camisiis
1319 3911 1583 3980 gerebant
1617 3928 1780 3964 aurea
1829 3909 2158 3980 paragaudia
2210 3908 2294 3958 vir
2327 3923 2496 3976 asque
2540 3922 2730 3958 aureas

559 3986 868 4048 gemmatas.
941 3977 1049 4029 Sed
1090 3982 1135 4031 si
1169 3981 1265 4050 qui
1308 3982 1502 4032 horum
1551 3997 1715 4033 aurea
1759 3981 2089 4051 paragaudia
2128 3996 2241 4033 non
2310 3978 2597 4036 uberent,
2646 3975 2732 4026 ini

562 4065 729 4118 super
771 4049 1007 4101 camisiis
1056 4052 1167 4102 suis
1219 4052 1483 4122 gerebant
1533 4069 1654 4103 suas
1700 4053 1924 4105 tunicas.
2009 4048 2603 4121 Spatharocubieularii
2639 4063 2736 4117 ge-

559 4120 759 4173 rebant
796 4137 959 4190 super
997 4123 1229 4175 camisiis
1265 4125 1376 4175 suis
1413 4139 1575 4176 aurea
1624 4122 1953 4193 paragaudia
1993 4131 2052 4175 et
2089 4120 2308 4192 spathas
2346 4120 2735 4172 honoratorum

561 4206 727 4246 aureo
751 4188 1039 4247 manubrio
1079 4193 1386 4247 instructas.
1461 4194 1576 4266 Qui
1607 4203 1794 4249 autem
1829 4209 2018 4249 eorum
2057 4210 2221 4246 aurea
2256 4191 2588 4265 paragaudia
2625 4202 2739 4242 non
