3050 4900
565 353 675 416 DE
730 346 1124 416 OEmMon.
1182 314 1455 412 AULAE
1510 348 1851 413 BYzANT.
1911 353 1992 413 11.
2038 351 2142 420 ⁴5.
2269 319 2446 437 675

273 505 699 584 ἀποκειμένων
743 504 835 576 εἷς
873 498 942 566 τό
989 496 1259 565 εἰδικόν.
1300 497 1503 583 ἐδόθη
1562 495 1724 584 ὑπὲρ
1771 498 2041 586 ἅλειφῆς
2078 500 2199 564 τῶν
2240 495 2454 565 αὖταῖν

276 605 633 690 διφθερίων
659 651 706 685 „
739 605 876 681 CV·
960 595 1159 684 ἐδόθη
1217 600 1382 686 ὑπὲρ
1442 592 1677 685 οἷγορᾶς
1729 597 2071 683 μαγγάνων
2124 599 2288 686 λόγῳ
2327 601 2457 664 τῶν

275 703 486 766 αὐτῶν
548 700 629 766 ια’
690 699 1015 785 καραβίων
1074 749 1116 780 „
1151 703 1204 762 θ
1229 698 1304 773 ς’.
1397 697 1600 782 ἐδόθη
1674 697 1835 783 ὑπὲρ
1915 697 2152 784 ἆγορᾶς
2205 693 2458 763 έωπίων

271 800 401 865 τπέ
428 851 470 882 ,,
505 796 572 864 ε’.
657 796 855 883 ἐδόθη
897 799 1063 884 ὑπὲρ
1111 797 1557 882 ναυπηγήσεως
1596 799 1724 862 τῶν
1766 796 1973 862 αὖτῶν
2015 797 2095 861 ια’
2135 793 2459 881 καραβίων

237 902 402 976 5τῶν
439 923 506 964 τε
546 900 825 981 σχισταῖν
865 897 978 962 καί
1038 898 1167 962 τῶν
1206 891 1562 981 περιβόλων
1605 896 1819 961 αὐτῶν
1859 897 1972 959 καί
2014 896 2249 960 λοιπῶν
2278 946 2321 977 ,‚
2355 894 2468 961 ια’.

271 997 472 1082 ἐδόθη
525 996 686 1083 ὗπὲρ
744 990 1240 1083 καλαφατήσεως
1300 995 1427 1060 τῶν
1498 996 1709 1061 αὐτῶν
1762 994 1847 1059 ια’
1903 993 2226 1082 καραβίων
2265 1045 2310 1077 ,,
2351 994 2468 1079 λγ’.

284 1096 488 1181 ἐδόθη
528 1096 694 1181 ὑπὲρ
737 1089 972 1180 ἀγορᾶς
1023 1089 1254 1180 ἑτέρων
1312 1091 1557 1158 nanim
1610 1092 1935 1180 ρασιακῶν
1976 1095 2028 1180 ρ’
2075 1098 2200 1160 τῶν
2238 1096 2463 1160 δοθέν-

272 1219 400 1260 των
438 1192 597 1260 κατὰ
639 1194 1004 1280 περίσσειαν
1038 1194 1137 1285 νεἷς
1174 1190 1281 1258 τόν
1323 1187 1518 1258 αὖτὸν
1560 1189 1781 1259 στόλον
1812 1241 1859 1278 ‚,
1887 1191 1980 1278 κη’
2026 1191 2162 1277 ςιβζ
2248 1189 2449 1281 ἐδόθη
2464 1204 2744 1275 Ed.L.39o

273 1290 431 1380 ὑπὲρ
461 1295 700 1379 οἷγορᾶς
737 1290 1110 1380 βυρσαράιον
1145 1295 1372 1376 βοείων
1414 1289 1549 1379 ρκβ
1573 1306 1827 1378 „myis-
1868 1291 2059 1378 ἐδόθη
2100 1292 2263 1378 ὑπὲρ
2307 1294 2460 1378 ἄγο-

207 1394 396 1477 ιορᾶς
444 1388 830 1457 κεντούκλων
872 1389 927 1457 α’
956 1393 1086 1456 τῶν
1125 1392 1445 1456 δοθέντων
1488 1390 1648 1457 κατὰ
1693 1395 2062 1476 περίσσωαν
2102 1390 2335 1475 ὁμοίως
2365 1395 2460 1470 εἷς

271 1489 341 1556 τὰ
386 1488 714 1575 βασιλικὸν
753 1486 1021 1571 πλόϊμον
1047 1541 1089 1571 ,,
1125 1492 1254 1577 msc,
1370 1543 1387 1561 .
1431 1489 1630 1576 ἐδόθη
1686 1491 1851 1576 ὑπὲρ
1901 1493 2135 1577 α’γορᾶς
2176 1493 2457 1558 κιλικιῖυν

276 1616 333 1685 ,α
362 1594 487 1656 τῶν
514 1588 564 1666 ς’
582 1639 629 1674 ,,
650 1587 774 1677 ρξε’
805 1587 914 1670 ςς’.
953 1590 1150 1675 ἐδόθη
1179 1589 1344 1676 ὖπὲρ
1376 1590 1615 1675 α’γορόἰς
1636 1593 1931 1672 σχοινίων
1966 1590 2320 1677 λεπταρίων
2350 1593 2568 1657 naeus.
2590 1598 2753 1654 ηοω)

270 1693 640 1776 χαρταρίων
677 1691 792 1755 καί
835 1691 1058 1775 λοιπῆς
1103 1686 1321 1768 ἐξόδου
1348 1739 1390 1772 ‚,
1422 1683 1499 1763 ις’
1548 1685 1667 1768 ςς’.
1710 1684 1873 1779 λόγῳ
1902 1691 2161 1774 ποιῆσαι
2196 1689 2463 1774 ἆτεγίων

277 1787 591 1857 κιλικίνων
631 1790 685 1874 ρ’
714 1839 758 1869 ,,
786 1802 1010 1873 ρπγν.
1053 1787 1252 1874 ἐδόθη
1293 1788 1454 1874 ὑπὲρ
1501 1783 1739 1875 ἆγορᾶς
1780 1792 2113 1874 κασιτέρου
2155 1793 2365 1876 λίτραι
2406 1786 2463 1856 σ’

201 1894 321 1970 15„
349 1885 468 1953 λό’.
550 1886 747 1974 ἐδόθη
788 1884 948 1974 ὑπὲρ
992 1889 1226 1972 οἶγορᾶς
1265 1887 1682 1972 χαλκώματος
1708 1889 1936 1974 λίτραι
1980 1885 2033 1953 σ’
2065 1938 2107 1969 ,,
2136 1885 2236 1974 ιη’,
2319 1888 2467 1956 ἐδό-

273 1993 366 2075 θη
408 1986 569 2074 ὑπὲρ
613 1986 851 2074 α’γορᾶς
879 1986 1239 2073 σκαφιδιων
1267 1985 1666 2073 στρογγύλων
1706 1984 2000 2071 μεγάλων
2026 1990 2081 2074 ρ’
2112 2040 2153 2068 ,,
2188 1988 2290 2071 ιβ’.
2331 1986 2466 2055 ἐδό-

273 2093 365 2172 θη
418 2082 578 2175 ὑπὲρ
634 2088 869 2173 α’γορᾶς
918 2088 1275 2173 σκαφιδίων
1320 2089 1712 2171 μικροτέρων
1746 2085 1820 2174 ρ’;
1861 2085 1970 2169 κγ’.
2052 2087 2245 2172 ἐδόθη
2293 2088 2461 2173 ὑπὲρ

275 2184 516 2275 οἷγορᾶς
581 2187 944 2272 καλδαρίων
994 2182 1074 2255 o':
1115 2182 1227 2270 ay‘.
1309 2185 1502 2271 ἐδόθη
1570 2181 1736 2270 ὑπὲρ
1804 2185 2043 2271 ἄγοροῖς
2108 2189 2470 2253 καπουλίων

278 2292 335 2380 β
365 2339 408 2370 ‚,
443 2285 533 2369 μ’.
612 2280 809 2372 ἐδόθη
859 2284 1023 2372 ὖπὲρ
1062 2280 1293 2371 ἀγορᾶς
1324 2286 1654 2370 πτυαρίων
1688 2311 1748 2380 ,α
1779 2333 1823 2367 ,,
1861 2284 1966 2349 ιδ’.
2045 2282 2242 2373 ἐδόθη
2290 2283 2507 2372 ὖπὲρΒ

190 2386 512 2473 ηοᾶγορᾶς
545 2380 779 2473 ἑτέρων
815 2380 1029 2450 κάδων
1075 2389 1469 2472 μικροτέρων
1500 2383 1550 2449 ν’
1590 2410 1606 2453 z
1640 2383 1708 2449 ε’.
1790 2381 1984 2470 ἐδόθη
2016 2384 2177 2472 ὑπὲρ
2233 2386 2469 2471 ἀγορᾶς

271 2480 495 2572 ἐτέρου
547 2485 881 2570 κασιτέρον
933 2487 1145 2570 λίτραι
1199 2484 1251 2550 σ’
1285 2483 1366 2550 τὰ
1420 2488 1690 2549 δοθέντα
1744 2483 2027 2569 ,Μιχαὴλ
2071 2489 2239 2573 χυτῇ
2301 2481 2508 2576 λόγῳι

414 2623 465 2675 9.
499 2606 827 2676 βυρσαρίων
865 2618 971 2658 em.
1008 2604 1100 2667 R.,
1133 2606 1334 2674 βυσαρ.
1371 2601 1491 2654 cod.
1535 2608 1594 2654 et
1628 2599 1714 2654 ed.

273 2705 504 2759 funibus
541 2712 599 2757 et
628 2705 884 2775 plexibus
921 2706 1139 2759 funium
1169 2705 1532 2756 annularibus
1561 2712 1830 2757 antennas
1858 2703 2233 2759 ambientibus
2265 2722 2471 2758 eorun-

278 2777 408 2830 dem
447 2794 499 2830 ιι
541 2777 787 2829 velorum
819 2793 1054 2848 expensa
1097 2783 1227 2827 sunt
1264 2793 1413 2829 num.
1454 2779 1516 2842 ὃς
1571 2792 1671 2845 pro
1711 2775 1955 2826 emendis
1987 2776 2228 2844 pellibus
2274 2795 2335 2830 ια
2367 2794 2465 2829 ex-

278 2864 454 2919 pensa
483 2848 738 2899 numism.
767 2849 867 2915 623
904 2864 1028 2899 nam
1055 2847 1305 2916 reliquae
1339 2864 1401 2916 ¹9
1425 2845 1602 2915 pelles
1634 2845 1792 2898 datae
1832 2853 1964 2897 sunt
2001 2862 2068 2898 ex
2102 2849 2321 2900 illarum
2351 2866 2466 2899 nu-

277 2934 466 2983 mero,
502 2934 645 2989 quae
674 2918 735 2971 in
767 2918 913 2971 idico
948 2917 1232 2988 depositae
1260 2916 1458 2968 iacent.
1507 2917 1608 2969 Pro
1640 2924 1872 2968 unctura
1904 2918 2201 2971 earundem
2231 2918 2466 2989 pellium

279 3005 502 3060 expens.
540 3005 691 3047 num,
726 3006 784 3059 7,
820 2990 956 3041 mill.
988 3005 1051 3057 ος
1089 3004 1187 3058 pro
1221 2986 1468 3041 emendis
1503 2988 1787 3056 manganis
1823 2988 2047 3039 illorum
2092 3007 2144 3041 ιι
2213 2987 2466 3040 carabio-

278 3077 403 3113 rum
437 3076 585 3111 num.
624 3079 689 3129 9,
724 3061 859 3113 mill.
886 3065 950 3125 63
998 3076 1100 3130 pro
1132 3059 1378 3109 emendis
1419 3057 1583 3109 remis
1635 3059 1737 3126 485
1797 3073 1949 3109 num.
1989 3061 2038 3113 5.
2109 3056 2210 3112 Pro
2243 3076 2465 3129 compa-

273 3139 431 3182 ctura
466 3146 564 3183 seu
604 3129 970 3184 fabricatione
1009 3130 1233 3182 illorum
1290 3148 1343 3183 ιι
1409 3126 1755 3181 cambiarum
1794 3136 1852 3179 et
1886 3128 2253 3181 cancellorum
2314 3133 2466 3199 sepi-

271 3209 699 3272 mentorumque
720 3202 971 3256 tabulata
999 3216 1209 3252 summa
1235 3200 1571 3270 cingentium
1599 3199 2048 3282 reliquarumque
2068 3208 2466 3252 structurarum

273 3273 556 3324 navalium
600 3289 750 3326 num.
798 3292 876 3326 ιι.
964 3274 1065 3326 Pro
1112 3271 1359 3342 picatura
1401 3271 1625 3322 illorum
1673 3287 1725 3323 ιι
1783 3269 2129 3322 carablorum
2179 3288 2329 3325 num.
2376 3274 2462 3326 33.

271 3345 375 3396 Pro
406 3342 653 3394 emendis
681 3362 777 3399 roo
808 3345 1006 3413 pannis
1043 3341 1237 3395 crassis
1295 3341 1419 3394 aliis
1456 3341 1529 3391 ad
1563 3338 1958 3392 abundantiam
1990 3342 2051 3393 in
2086 3341 2313 3394 classem
2346 3341 2465 3394 dis-

270 3414 501 3465 tributis
551 3431 698 3467 num.
731 3417 830 3479 28,
880 3414 995 3464 mil.
1035 3432 1122 3481 ¹23
1170 3428 1271 3481 pro
1308 3409 1556 3463 emendis
1602 3411 1766 3463 coriis
1814 3411 2038 3463 bovillis
2082 3430 2178 3467 122
2224 3428 2460 3483 expensa

274 3500 426 3534 num.
462 3486 564 3547 88,
601 3502 671 3536 m.
704 3502 765 3553 ος
816 3502 917 3554 pro
958 3483 1202 3536 emendis
1243 3481 1569 3534 centonibus
1613 3480 1863 3534 ducentis
1901 3483 2108 3550 pariter
2142 3499 2307 3553 super
2349 3500 2462 3535 nu-

274 3569 489 3604 merum
523 3558 754 3624 erogatis
792 3557 852 3606 in
888 3558 1092 3624 regiam
1131 3556 1356 3607 classem
1410 3570 1646 3622 expensa
1682 3568 1815 3602 num
1865 3555 1948 3605 28.
2005 3553 2122 3606 mil.
2164 3590 2178 3604 .
2218 3592 2229 3602 .
2269 3572 2285 3620 ς
2392 3571 2453 3604 ro

276 3621 523 3675 emendis
559 3626 757 3679 ciliciis
791 3627 965 3690 mille,
1001 3626 1214 3695 singula
1249 3643 1349 3694 pro
1387 3625 1531 3674 senis
1568 3621 2023 3687 numismatibus,
2062 3640 2296 3691 expensa
2331 3572 2459 3676 iiie-

277 3701 412 3747 runt
444 3712 590 3744 num.
633 3700 757 3760 166,
813 3698 926 3748 mil.
958 3700 1007 3750 6.
1079 3699 1179 3749 Pro
1221 3694 1463 3747 emendis
1500 3695 1728 3745 funibus
1766 3693 1993 3745 minutis
2030 3702 2087 3744 et
2122 3694 2323 3746 chartis
2359 3713 2458 3747 seu

277 3763 608 3815 membranis
653 3775 710 3818 et
744 3769 803 3819 in
837 3769 946 3820 alia
996 3769 1300 3819 necessaria
1351 3781 1587 3834 expensa
1631 3763 1859 3816 fuerunt
1904 3781 2053 3818 num.
2095 3766 2187 3827 15,
2242 3767 2357 3820 mil.
2393 3769 2459 3831 63

275 3851 381 3904 pro
416 3833 682 3887 faciendis
708 3839 963 3891 tentoriis
988 3839 1222 3889 cilicinis
1258 3844 1478 3889 centum
1508 3852 1630 3905 exp.
1656 3835 1911 3892 numism,
1944 3838 2070 3899 183,
2106 3836 2220 3888 mil.
2256 3855 2321 3902 ος
2358 3853 2457 3905 pro

280 3903 528 3958 emendis
573 3909 755 3959 stanni
808 3908 968 3961 libris
1013 3908 1263 3962 ducentis
1315 3922 1552 3976 expensa
1594 3906 1926 3958 numismata
1957 3909 2058 3975 34;
2107 3922 2208 3976 pro
2252 3923 2458 3958 aeneae

280 3977 546 4027 materiae
582 3976 740 4030 libris
778 3996 879 4033 aoo
918 3996 1157 4049 expensa
1194 3979 1523 4030 numismata
1568 3978 1662 4042 183
1715 3993 1816 4047 pro
1866 3975 2079 4046 scaphis
2117 3979 2325 4047 magnis
2365 3994 2460 4027 ro·

279 4044 474 4099 tundis
526 4057 747 4101 centum
798 4066 1035 4121 expensa
1082 4052 1412 4103 numismata
1449 4047 1549 4115 243
1596 4064 1696 4115 pro
1734 4048 2042 4101 minoribus
2078 4049 2200 4100 aliis
2239 4055 2459 4100 centum

281 4119 609 4170 numismata
661 4136 752 4187 ¹²3
808 4138 907 4190 pro
957 4121 1200 4175 emendis
1252 4119 1444 4172 ahenis
1495 4118 1749 4169 caldariis
1790 4118 2040 4170 ducentis
2076 4120 2328 4175 numism.
2360 4120 2460 4181 333

279 4205 384 4259 pro
418 4187 586 4240 labris
621 4191 709 4241 vel
744 4192 895 4261 cupis
932 4192 1019 4244 bis
1052 4193 1204 4243 mille
1237 4207 1386 4243 num.
1418 4190 1514 4257 403
1550 4206 1649 4258 pro
1682 4188 1851 4241 bottis
1878 4190 2032 4241 mille
2059 4207 2206 4241 num.
2235 4188 2323 4256 ¹43
2359 4205 2461 4257 pro

280 4258 410 4312 aliis
439 4259 744 4313 minoribus
780 4260 928 4315 cadis
962 4262 1052 4317 vel
1086 4262 1253 4317 doliis
1287 4260 1686 4334 quinquaginta
1719 4276 1867 4313 num.
1890 4262 1955 4329 55
1989 4272 2090 4330 pro
2125 4259 2304 4311 adhuc
2336 4258 2463 4309 aliis
