3050 4900
1012 273 1644 341 PRAffATtoNEs.
2245 284 2256 297 ‘
2319 286 2463 348 XXI

258 433 331 491 in
372 439 631 510 utraque
667 425 983 488 involucri
1034 427 1247 489 tabula
1306 431 1572 512 insignia
1621 432 1793 513 regni
1843 431 2181 515 Hungarici
2236 447 2297 497 et
2341 439 2463 499 Bo-

251 529 477 590 bemici
532 529 1025 609 conspiciuntur.
1137 527 1362 590 Adhuc
1429 527 1586 591 alius
1654 530 1915 615 denique
1974 533 2190 595 titulus
2244 538 2465 600 ordine

252 641 602 712 temporum
649 631 920 710 primus,
964 640 1058 690 est
1098 628 1200 689 hic
1242 630 1539 708 Graecus,
1583 630 1665 691 ab
1704 632 1838 713 ips'o
1878 631 2302 717 Constantino,
2325 651 2459 718 aut,
2547 712 2550 717 Ι

250 733 309 792 εἰ
348 732 489 812 quis
521 727 721 807 malit,
769 750 808 790 a
848 727 1107 790 librario
1136 727 1472 811 profectus,
1522 726 1870 810 Σύνταγμά
1893 752 1959 792 τι
1993 732 2102 793 καί
2129 734 2462 811 βασιλείου

252 826 547 908 σπονδῆς
598 817 795 899 ὅπως
870 816 1049 902 ἄξιον
1105 825 1348 910 ποίημα
1377 875 1400 907 ,
1464 830 1881 905 compilatum
1942 843 2050 892 aut
2101 848 2462 915 congestum

252 948 457 1011 opus,
498 948 651 989 vere
686 924 951 1008 dignum
991 928 1185 1008 regiis
1232 930 1427 990 curis.
1507 927 1864 1012 Utrumque
1907 931 2156 1013 quidem
2194 955 2339 994 vere
2370 947 2461 996 at-

256 1048 394 1109 que
431 1038 616 1088 recte.
697 1027 1169 1110 comportatum
1226 1031 1392 1089 enim
1449 1039 1545 1090 est
1607 1050 1642 1089 e
1700 1030 1888 1090 variis
1941 1033 2292 1094 auctoribus
2315 1078 2335 1113 ,
2399 1046 2464 1097 et

262 1126 571 1210 digestum
614 1147 689 1187 eo
728 1126 940 1205 modo,
981 1148 1107 1210 quo
1142 1125 1374 1209 lapides
1420 1130 1485 1188 in
1525 1149 1771 1189 acervo.
1855 1129 2005 1191 Fuit
2046 1153 2293 1215 quoque
2331 1135 2461 1217 By-

266 1229 651 1287 zantinorum
693 1248 913 1309 regum
953 1248 1081 1289 non
1122 1230 1376 1288 minima
1413 1250 1563 1289 cura
1580 1273 1600 1308 ,
1661 1250 1952 1312 pompam
1999 1242 2060 1290 et
2099 1235 2463 1296 cerimonias

264 1326 438 1388 aulae
473 1348 627 1388 suae
662 1327 750 1388 ad
787 1327 1053 1389 formam
1104 1327 1221 1389 hoc
1270 1326 1431 1390 libro
1470 1328 1760 1391 traditam
1820 1330 2244 1413 conformare5
2288 1335 2455 1417 quod

258 1448 331 1487 ex
378 1428 772 1505 Lmrrnum
811 1428 1069 1490 historia
1105 1439 1291 1511 patet.
1396 1429 1457 1490 Is
1503 1433 1687 1509 enim,
1729 1431 1971 1514 praesul
2009 1434 2288 1509 Latinus,
2330 1456 2454 1497 non

258 1528 619 1610 exiguonnn
668 1530 1001 1611 spirituum
1023 1574 1043 1610 ,
1099 1551 1292 1613 quum
1357 1530 1594 1592 videret
1618 1576 1638 1611 ,
1682 1530 1935 1595 clericos
1984 1534 2150 1616 apud
2195 1536 2462 1597 Graecos

260 1627 429 1689 laicis
467 1648 601 1689 non
636 1627 964 1710 praeferri,
1007 1629 1245 1713 sibique
1286 1628 1491 1691 locum
1533 1633 1599 1691 in
1643 1630 1838 1714 epulis
1878 1631 2293 1714 imperialibus
2333 1654 2460 1695 non

268 1738 509 1789 tantum
560 1727 720 1788 infra
774 1727 1140 1806 Graeculos,
1182 1741 1255 1792 ut
1294 1728 1587 1813 appellat,
1629 1732 1942 1813 patricios,
1985 1730 2091 1792 sed
2139 1732 2321 1791 etiam
2364 1733 2461 1792 in·

265 1827 365 1889 sta
403 1830 567 1912 ipsos
605 1828 904 1913 Bulgaros
941 1832 1275 1913 assignari3
1319 1831 1405 1911 (id
1446 1840 1654 1891 autem
1696 1851 1768 1891 ex
1807 1829 1991 1893 huius
2031 1829 2173 1891 libri
2222 1830 2461 1912 edicto,

260 1948 463 2010 neque
504 1928 723 2010 aliter,
772 1931 908 1993 fieri
954 1929 1290 2010 debebat3)
1328 1940 1565 1991 tantam
1617 1929 1948 1993 exardebat
2004 1931 2070 1991 in
2131 1934 2289 1992 iram
2365 1941 2463 1992 at-

257 2048 379 2111 que
414 2028 910 2112 indignationem
931 2076 952 2110 ,
1009 2041 1082 2092 ut
1138 2051 1263 2091 non
1310 2028 1509 2097 solum
1574 2028 1653 2091 de
1709 2050 1883 2091 saera
1934 2048 2143 2091 mensa
2203 2051 2456 2114 surgens

250 2128 474 2208 abiret,
515 2129 629 2191 sed
672 2132 859 2192 etiam
901 2135 967 2193 in
1007 2129 1242 2211 libello,
1283 2150 1408 2213 quo
1453 2128 1535 2190 ad
1577 2128 1838 2208 herum,
1883 2130 2176 2191 Ottonem
2222 2130 2488 2227 1.,1m-·

254 2240 609 2310 perator-em
666 2230 1036 2291 Saxonicum
1058 2275 1079 2312 ,
1136 2251 1283 2292 suae
1329 2227 1646 2312 legationis
1699 2250 2007 2293 successus
2057 2233 2411 2312 perscripsit
2434 2278 2453 2309 ,

250 2326 685 2411 Nicephorum
741 2329 1021 2391 Phocam
1069 2340 1383 2414 totamque
1441 2329 1761 2390 Graeciam
1811 2328 2119 2391 coloribus
2161 2330 2447 2403 invidiam
2471 2340 2736 2395 nativi}

256 2429 563 2491 cientibus
616 2429 989 2513 denigraret.
1095 2430 1283 2494 Recte
1334 2431 1521 2513 igitur
1571 2438 1817 2490 eatenus
1878 2427 2129 2512 quidem
2179 2431 2459 2512 congruit

257 2530 536 2592 Graecus
583 2532 692 2592 ille
730 2530 950 2593 titulus
989 2529 1133 2593 huic
1159 2533 1348 2613 operi.
1433 2528 1521 2590 At
1550 2550 1624 2590 eo
1663 2530 1880 2589 merito
1912 2527 2252 2611 displiceat,
2290 2530 2459 2612 quod

260 2642 699 2713 argumentum
749 2630 896 2693 libri
936 2633 1071 2711 sui,
1112 2629 1294 2714 quale
1332 2632 1451 2710 sit,
1491 2649 1621 2691 non
1665 2628 1825 2689 edat.
1904 2627 2049 2688 Non
2095 2638 2301 2688 tamen
2344 2628 2457 2688 ab·

262 2729 423 2793 ludit
463 2731 549 2792 ab
594 2733 842 2814 ingenio
891 2731 1151 2793 istorum
1196 2742 1545 2814 temporum
1565 2775 1584 2807 ‚
1644 2739 1705 2789 et
1746 2730 2007 2790 maxime
2047 2729 2242 2787 nostri
2291 2726 2455 2787 Con-

270 2833 521 2891 stantini
541 2875 564 2910 ,
600 2835 704 2914 qui
746 2853 983 2893 morem
1023 2830 1267 2893 videtur
1292 2851 1546 2908 amasse,
1583 2827 1755 2889 libris
1810 2829 1936 2889 suis
1980 2825 2343 2910 ignorabilia
2394 2835 2458 2887 et

266 2932 611 3015 incongrua
655 2933 899 2994 nomina
939 2932 1316 3014 imponendi.
1380 2931 1728 2992 Praestanti
1751 2928 1865 3007 illi,
1908 2948 2092 3010 quam
2123 2949 2307 3009 supra
2332 2924 2455 2987 lau-

259 3030 438 3110 davi,
485 3030 847 3108 collectioni,
882 3043 992 3093 aut
1021 3030 1456 3109 Bibliothecae,
1487 3027 1588 3091 vel
1616 3026 2235 3103 Pentecontateucho,
2267 3025 2453 3107 quod-

254 3153 405 3193 nam
450 3154 684 3217 quaeso
735 3145 978 3217 poterat
1025 3131 1272 3193 inscribi
1318 3151 1546 3192 nomen
1584 3129 1885 3209 ineptius,
1931 3148 2117 3210 quam
2161 3126 2327 3208 quod
2372 3124 2453 3185 ab

254 3244 510 3296 auctore
553 3237 926 3317 inscriptum
974 3233 1114 3312 suit,
1158 3224 1624 3314 κεφαλαιώδεις
1657 3223 2017 3298 ὑποθέσεις.
2098 3226 2282 3310 Quod
2321 3229 2453 3289 sive

250 3333 489 3396 ὑηνία
530 3346 945 3415 argumenta,
991 3336 1119 3397 sive
1146 3344 1530 3412 argumenta
1567 3330 1636 3389 in
1675 3339 1880 3390 certos
1919 3324 2136 3388 titulos
2174 3326 2450 3409 digesta,

249 3434 677 3517 interpreteris
725 3456 851 3496 non
894 3436 1087 3517 magis
1135 3454 1206 3494 ex
1261 3452 1334 3493 eo
1370 3429 1715 3512 intelligas,
1770 3429 1888 3489 nisi
1941 3425 2188 3488 aliunde
2235 3429 2403 3487 noris
2427 3470 2448 3505 ,

252 3532 439 3615 quale
479 3533 675 3595 fiierit
721 3534 1093 3595 collectionis
1139 3541 1567 3615 argumentum
1613 3540 1675 3591 et
1723 3527 1896 3607 finis,
1950 3548 2138 3610 quam
2175 3525 2329 3588 alius
2372 3525 2448 3586 li-

248 3632 351 3694 bri
366 3680 390 3713 ,
453 3636 559 3695 eui
619 3644 837 3694 auctor
892 3632 1141 3695 titulum
1204 3632 1718 3694 Adversariorum
1773 3639 1881 3689 aut
1923 3625 2446 3689 Collectaneorum

250 3733 591 3817 praefigere
632 3734 919 3797 voluerit.
998 3732 1224 3795 Similis
1267 3742 1358 3794 est
1405 3731 1561 3793 alter
1600 3730 1703 3791 ille
1755 3727 1971 3790 titulus
1995 3772 2013 3806 ,
2055 3746 2238 3808 quem
2284 3725 2448 3783 Con-

251 3836 555 3894 stantinus
590 3836 767 3916 operi
809 3854 924 3894 suo
944 3877 964 3910 ,
1004 3832 1171 3915 quod
1221 3854 1259 3893 a
1301 3832 1479 3893 nobis
1534 3828 1616 3890 de
1667 3821 2192 3890 administrando
2248 3825 2476 3908 impe-'

249 3933 354 3993 rio
396 3936 573 3994 citari
618 3931 813 4010 solet,
857 3931 939 3992 ad
982 3933 1325 3993 Romanum
1378 3929 1572 3989 filium
1612 3930 1837 4010 scripto
1857 3971 1877 4007 ,
1921 3925 2266 4009 praeposuit
2285 3967 2304 4000 ,
2335 3940 2450 4003 φι-

248 4027 580 4115 λοπόνημα
612 4033 1034 4095 exer-citano.
1119 4031 1269 4093 vid.
1318 4031 1597 4092 Bimmn.
1627 4031 1799 4092 initio
1842 4036 2128 4090 notarum
2156 4023 2235 4084 ad
2261 4025 2448 4083 istum

250 4131 480 4200 librum
508 4180 530 4217 ,
582 4134 759 4201 nm.
806 4133 907 4202 ΙΙ.
951 4133 1208 4218 Antiqu.
1260 4136 1423 4216 Imp.
1474 4128 1717 4196 Oderat.
