3050 4900
22 2416 39 2764 -ff—Vjssffss„
22 2376 25 2383 .

38 3465 47 3474 ι
36 3189 51 3394 -ffl

1050 316 1687 385 PRAEFATIONFS.
2284 328 2489 388 xxx!

284 473 600 559 plerasque
639 467 906 536 mendas
949 478 1015 538 et
1051 472 1255 557 ipsum
1294 469 1474 534 illum
1515 472 1890 555 antiquitatis
1930 471 2100 536 velut
2138 480 2324 538 utros
2359 475 2492 539 red·

285 575 423 637 dere
459 596 587 637 non
642 571 1073 635 dubitaverim
1092 615 1113 652 ‚
1177 573 1320 635 satis
1376 571 1611 634 habens
1664 571 2024 634 emendandi
2081 576 2383 638 rationem
2422 579 2488 639 in

284 673 736 738 commentariis
773 671 1104 735 indicasse.
1188 671 1265 735 In
1319 671 1675 735 adornanda
1714 673 1936 733 Latina
1990 674 2489 756 interpretatione

287 777 419 837 cavi
459 772 674 836 sedulo
698 817 719 853 ,
763 782 1072 856 quantum
1113 781 1177 832 et
1212 792 1325 856 per
1363 792 1574 834 rerum
1588 814 1609 852 ,
1654 792 1809 856 quas
1849 770 2089 834 Auctor
2117 783 2336 836 tractat
2361 820 2382 855 ,
2427 788 2491 839 et

279 895 395 960 per
433 872 720 936 dictionis
747 919 767 954 ,
820 893 950 956 qua
1017 869 1125 933 ille
1166 872 1310 933 satis
1349 870 1603 933 horrida
1625 915 1646 953 ,
1718 870 1791 932 ex
1851 890 2027 934 more
2084 876 2177 935 sui
2234 875 2485 960 saeculi,

278 975 486 1036 utitur
508 1014 533 1055 ‚
562 974 994 1036 obscuritatem
1020 970 1195 1033 licuit
1213 1016 1233 1051 ,
1260 981 1333 1032 ut
1357 991 1560 1055 neque
1587 993 1628 1033 a
1653 969 1990 1035 verborum
2020 977 2317 1036 sententia
2353 976 2487 1038 abi-

284 1094 449 1156 rem,
491 1094 691 1157 neque
730 1074 1090 1157 perspicuus
1132 1091 1333 1133 sermo
1376 1070 1845 1133 desideraretur.
1899 1071 1975 1133 In
2019 1071 2487 1139 Commentariis

286 1198 433 1238 cum
474 1176 663 1238 verba
700 1177 977 1258 ritusque
1015 1183 1254 1237 veteres
1294 1170 1602 1239 illustrare
1621 1218 1641 1255 ‚
1686 1182 1985 1256 quantum
2024 1171 2194 1237 valui
2236 1187 2298 1236 et
2337 1180 2485 1239 satis

284 1280 405 1358 sit,
446 1276 681 1367 studui,
740 1286 877 1337 tum
929 1273 1010 1336 de
1045 1275 1210 1336 veris
1257 1293 1501 1359 quoque
1550 1273 2047 1337 membranarum
2092 1273 2481 1367 lectionibus,

278 1377 386 1441 nbi
424 1399 586 1463 opus
634 1388 797 1439 esset
815 1420 834 1456 ‚
875 1375 1215 1459 significare
1254 1395 1382 1436 non
1417 1373 1676 1459 neglexi.
1763 1376 1839 1437 In
1878 1373 2095 1438 breves
2134 1383 2481 1441 annotatio-

270 1500 383 1541 nes
446 1477 532 1541 el.
596 1477 951 1540 Deeessoris
1010 1474 1165 1539 mihi
1225 1484 1471 1559 praeter
1541 1473 1895 1558 digestionis
1949 1475 2273 1539 arbitrium
2323 1479 2481 1542 nihil

268 1582 575 1663 arrogavi.
659 1579 834 1658 Quas
876 1574 985 1638 ille
1045 1574 1242 1637 titulis
1295 1574 1584 1637 undecim
1626 1573 1975 1660 complexus
2026 1579 2093 1639 in
2135 1576 2484 1643 adversaria

274 1701 349 1742 eo
372 1724 396 1758 ,
440 1700 568 1764 quo
622 1676 819 1741 libros
888 1696 1164 1761 quosque
1206 1674 1451 1759 legisset
1474 1718 1495 1756 ,
1567 1673 1785 1736 ordine
1871 1677 2213 1739 coniecerat
2271 1679 2484 1741 obser-

280 1782 559 1841 vationes
577 1824 597 1859 ,
652 1799 752 1840 eas
818 1788 892 1839 ut
952 1775 1124 1839 locus
1178 1777 1440 1860 quisque
1482 1774 1646 1837 serre
1711 1785 1895 1859 atque
1951 1775 2263 1858 postulare
2308 1778 2484 1841 vide-

274 1879 464 1942 batur
480 1926 503 1959 ,
545 1880 631 1940 sic
673 1880 729 1940 ei
768 1876 1225 1951 accommodavi
1246 1921 1267 1957 ,
1309 1886 1374 1937 et
1406 1873 1568 1937 telae
1615 1895 1789 1939 meae
1853 1876 2108 1938 intexui.
2197 1878 2488 1957 Quorum

274 1980 596 2044 titulorum
630 1977 815 2057 duos,
852 1997 1075 2058 unum,
1117 1978 1405 2061 quintum
1433 2020 1453 2057 ,
1508 1997 1579 2059 p.
1632 1975 1715 2041 28
1765 1986 2120 2039 nostrorum
2167 1997 2482 2043 commen·

262 2082 624 2161 mim-nm,
670 2076 961 2160 alterum,
1019 2086 1345 2156 octavum,
1394 2097 1462 2159 p.
1504 2075 1593 2160 94
1654 2076 1998 2159 speciminis
2050 2074 2261 2139 caussa
2314 2079 2485 2140 exhi·-

259 2182 394 2261 bni,
440 2202 478 2242 e
520 2201 677 2266 quo,
734 2178 888 2262 quid
922 2188 986 2240 et
1025 2175 1130 2240 ille
1172 2178 1241 2238 in
1285 2175 1523 2238 schedis
1552 2173 1893 2261 reliquerit,
1949 2185 2012 2238 et
2062 2196 2138 2239 eo
2186 2190 2486 2266 apparatu

262 2280 577 2366 quomodo
624 2301 745 2342 nos
780 2282 879 2340 usi
912 2278 1208 2339 fuerimus
1229 2319 1250 2357 ,
1292 2287 1552 2338 constet.

428 2380 538 2443 Ad
576 2381 770 2444 finem
798 2377 943 2442 libri
973 2380 1158 2462 primi
1194 2377 1777 2440 commentariorum
1798 2376 1983 2441 telam
2012 2378 2255 2465 abrupi.
2299 2382 2478 2462 Quae

259 2480 345 2546 ad
362 2486 711 2547 secundum
752 2492 817 2544 et
846 2481 1034 2564 primi
1069 2477 1468 2563 appendicem
1508 2478 1768 2541 dicenda
1809 2492 2100 2563 superant
2117 2526 2137 2560 ‚
2189 2503 2331 2545 cum
2370 2485 2477 2558 in,-

258 2583 524 2663 dicibus,
560 2584 727 2645 forte
754 2600 1007 2665 quoque
1041 2582 1334 2662 excerptis
1366 2577 1658 2640 Chronici
1700 2581 1920 2642 Graeci
1981 2581 2196 2643 inediti
2217 2584 2477 2648 Gnoson

262 2682 671 2761 Ham-ron,
709 2680 882 2764 quod
923 2683 990 2740 in
1026 2677 1241 2762 Ampl.
1274 2677 1534 2742 Senatus
1562 2680 1893 2761 Lipsiensis
1914 2680 2294 2745 Bibliotheca
2316 2685 2477 2746 inter

278 2781 536 2843 Codices
579 2783 849 2843 Graecos
879 2799 1068 2843 manu
1109 2789 1383 2841 exaratos
1436 2779 1743 2861 reperitur
1760 2824 1780 2861 ,
1841 2780 2096 2865 dignum
2139 2780 2474 2866 aliquando

272 2879 478 2942 Leoni
515 2879 738 2943 Allatio
768 2881 978 2944 visum
996 2923 1016 2960 ,
1059 2877 1226 2961 quod
1265 2879 1565 2941 Latinum
1602 2878 1830 2941 faceret
1866 2893 1928 2943 et
1967 2903 2006 2942 a
2059 2903 2126 2944 se
2165 2882 2477 2947 edendum

260 2982 702 3061 promitteret,
749 2981 871 3045 vid.
920 2977 1165 3041 Fabrie.
1219 2977 1379 3043 Bibl.
1443 2980 1666 3040 Graec.
1720 2980 1803 3040 Τ.
1836 2980 1955 3041 VI.
1986 3001 2054 3063 p.
2106 2980 2244 3058 ¹54.
2284 2994 2347 3044 et
2393 2985 2472 3051 T.

256 3084 353 3144 X.
403 3102 476 3164 p.
522 3078 668 3161 641.
709 3102 805 3160 ea,
851 3083 919 3142 si·
945 3080 1102 3140 tanti
1139 3078 1539 3160 videbuntur,
1591 3079 1843 3139 tertium
1878 3077 2171 3141 volumen
2214 3080 2488 3164 implere·

251 3193 576 3265 poterunt.
701 3179 809 3242 Ad
882 3189 1241 3263 argumenta
1308 3181 1625 3261 superiore
1695 3177 2074 3261 praefatione
2151 3185 2428 3263 exposita
2446 3227 2468 3263 ,

254 3303 419 3366 qnae
457 3281 884 3344 demonstrant
929 3275 1336 3341 Cerimoniale
1374 3277 1495 3340 hoc
1542 3288 1682 3362 post
1722 3276 1886 3340 illins
1924 3278 2334 3364 Constantini,
2367 3285 2470 3344 cui

254 3380 450 3466 vulgo
506 3380 705 3443 tribui
757 3378 937 3461 solet,
992 3390 1273 3463 tempora
1318 3376 1635 3439 conditum
1691 3376 1899 3459 fuisse,
1960 3377 2087 3442 duo
2135 3379 2287 3442 haec
2346 3381 2469 3445 alia

255 3482 449 3545 velim
492 3481 677 3562 addi3
735 3501 934 3543 unum
952 3525 974 3561 ,
1030 3479 1418 3541 Constantini
1465 3479 1719 3541 senioris
1776 3489 1974 3541 aetate
2044 3481 2110 3541 in
2162 3501 2281 3542 usu
2335 3502 2466 3545 non

258 3583 447 3645 fuisse
490 3579 963 3643 Prohedromm
983 3623 1004 3661 ,
1073 3599 1261 3664 quam
1307 3577 1525 3641 titulus
1587 3581 1803 3663 capitis
1845 3577 2046 3640 ultimi
2080 3578 2225 3642 libri
2278 3584 2466 3665 primi

262 3692 611 3762 meinorat,
654 3680 1043 3764 dignitatem,
1087 3701 1125 3741 a
1178 3681 1410 3742 Ioanne
1446 3679 1746 3741 Tzimisce
1785 3677 2038 3741 demum
2094 3700 2202 3740 scu
2246 3683 2463 3743 inven-

258 3791 431 3864 tam,
482 3804 592 3845 sen
632 3792 1031 3844 revocatam.
1094 3778 1383 3858 alterum,
1428 3801 1496 3863 p.
1539 3778 1690 3864 575.
1744 3776 1830 3840 A.
1880 3799 1949 3862 9.
1991 3778 2465 3844 Constantinum

265 3883 484 3946 Iaeonis
540 3881 744 3946 filium
762 3926 784 3963 ‚
826 3872 1145 3962 μακάριον
1203 3878 1534 3964 appellari,
1593 3876 1764 3962 quod
1820 3875 2086 3961 elogium
2137 3900 2267 3941 non
2308 3879 2464 3944 solet

262 3986 376 4049 nisa·
414 3986 539 4049 vita
571 3982 894 4048 defunctis
929 3981 1146 4043 tribui.
1232 3979 1413 4062 Vale,
1451 3979 1672 4061 lector,
1708 3989 1772 4042 et
1798 3978 2014 4043 studiis
2042 3981 2268 4044 nostris
2295 3980 2455 4045 fave.

403 4085 539 4152 Ser.
580 4104 809 4150 manse
849 4082 1135 4145 Ianuario
1176 4079 1263 4143 A.
1310 4079 1385 4143 C.
1431 4077 1613 4166 1754.
