3050 4900
591 233 641 320 5
655 234 762 350 76
982 257 1518 327 oonsrmm
1596 259 2325 331 rommoomm

587 413 652 480 οἳ
694 417 1078 501 μαγλαβῖται
1119 415 1466 502 φοροῦντες
1517 408 1963 498 σκαραμάγγια
2018 419 2132 482 καί
2165 416 2249 483 τοὶ
2305 414 2550 487 ἑαυτῶν
2589 430 2759 491 omos!-

584 518 744 582 θία.
775 508 794 567 ⁸
824 518 934 579 καί
985 512 1147 596 μετὰ
1189 510 1339 589 τούς
1377 514 1771 597 μαγλαβίτας
1825 509 2026 592 εὐθὺς
2066 513 2336 602 ἔστησαν
2377 519 2438 583 οὶ
2477 523 2590 605 τῆς
2636 545 2755 603 με-

584 613 781 700 γάλης
818 607 1132 700 ἑταιρείαις
1170 608 1542 688 Μακεδόνες
1587 606 1712 676 α’πὸ
1755 613 2163 699 ε’σωφορίων,
2207 621 2550 705 φοροῦντες
2590 646 2756 687 σπα-

583 712 704 779 θία
745 716 1041 794 ζωστύιια
1082 715 1190 780 καί
1229 712 1480 798 οἷργυρᾶ
1533 710 1696 794 μετὰ
1754 715 1864 777 καί
1917 715 2165 798 λωρι’ων
2228 717 2594 805 διαχρύσων
2647 721 2760 785 καὶ

583 815 916 901 α’ργυρῶν,
982 810 1397 897 βαστάζοντες
1435 810 1550 878 καὶ
1594 809 1944 898 σκουτάρια
1980 818 2200 899 χρυσᾶ
2240 821 2351 884 καί
2385 820 2796 906 meandum-5

582 939 670 981 σα
710 912 824 978 καί
857 915 1090 999 σιδηρᾶ
1127 911 1239 977 καὶ
1285 914 1680 994 μονοπέλυκα
1724 915 1834 978 καί
1890 911 2253 1001 τζικούρια.
2333 917 2621 985 κάτωθεν
2680 923 2754 986 δὲ

586 1016 710 1079 τῶν
751 1012 960 1078 αὐτῶν
1017 1011 1400 1097 α’ναβάθρων
1454 1009 1603 1094 ἔστη
1644 1012 1686 1094 ἧ
1727 1011 1968 1097 μεγάλη
2009 1008 2287 1100 ἑταιρεία
2308 1066 2329 1097 ,
2370 1015 2605 1097 ὁμοίως
2643 1018 2757 1085 καὶ

531 1112 631 1198 Βῆ
668 1113 940 1195 μεσαιά,
1000 1110 1161 1193 μετὰ
1218 1108 1329 1177 καὶ
1377 1112 1502 1178 τῶν
1545 1111 1897 1197 Φαργάνων
1937 1111 2047 1177 καὶ
2084 1116 2441 1201 Χαζάρων,
2503 1117 2751 1184 πάντων

589 1209 961 1300 φορούντων
1001 1212 1248 1277 oua-‘Ha
1290 1212 1399 1275 καί
1434 1206 2284 1299 βασταζόντων-σκουτάρια.
2354 1212 2415 1279 οἱ
2455 1218 2756 1283 οἰκειακοί

586 1308 1149 1397 πρωτοσὲιαθάριοι
1187 1307 1459 1395 ἔστησαν
1493 1302 1585 1386 ἐἷς
1621 1307 1736 1394 τήν
1774 1313 2060 1376 σωλαίαν
2099 1309 2282 1379 ἔνθεν
2314 1313 2603 1380 κάκεῖθεν
2632 1333 2837 1403 ‹po-10

590 1413 847 1496 ροῦντες
902 1409 1346 1495 σκαραμάγγια
1400 1408 1894 1494 πρασινορόδινα
1946 1412 2060 1476 καὶ
2103 1411 2348 1477 σπαθία
2365 1458 2386 1478 .
2467 1418 2578 1479 καὶ
2615 1419 2750 1497 μετ’

588 1503 826 1585 αῦτούς
865 1506 1136 1593 ἔστησαν
1176 1505 1238 1573 οἱ
1290 1504 1956 1595 σπαθαροκανδιδάτοι
2007 1515 2349 1597 φοροῦντες
2387 1511 2754 1600 σκαραμάγ-

588 1633 698 1693 για
734 1605 1056 1694 πολύχροα
1093 1610 1205 1673 καί
1241 1605 1494 1673 σπαθία
1535 1606 1649 1671 καὶ
1685 1605 1767 1671 τὰ
1811 1612 2568 1694 σπαθαροκανδιδατῶιια.
2647 1617 2761 1680 καὶ

588 1711 725 1790 μετ’
767 1703 1006 1781 αὐτοῦς
1047 1702 1312 1791 ἔστησαν
1370 1703 1431 1771 οἱ
1470 1704 1821 1792 σπαθάριοι
1879 1711 2222 1794 φοροῦντες
2261 1708 2374 1775 καὶ
2420 1706 2605 1778 αὐτοὶ
2639 1736 2757 1777 που

590 1804 837 1891 λύχροα
896 1802 1339 1892 σκαραμάγγια
1390 1808 1503 1870 καί
1557 1806 1640 1870 τοὶ
1692 1799 1938 1871 ἑαυτῶν
1976 1812 2227 1873 σπαθιά
2253 1856 2273 1892 ,
2346 1813 2841 1892 βαστάζοντεςιὸ

589 1903 701 1970 καὶ
739 1902 1107 1991 διστράλια.
1188 1902 1301 1968 καὶ
1348 1909 1490 1986 μετ’
1532 1902 1766 1980 αῦτοῦς
1826 1901 2098 1990 ἔστησαν
2139 1907 2198 1971 οἱ
2238 1907 2598 1993 στράτωρες
2638 1933 2759 1998 φο-

592 2004 843 2089 ροῦντες
897 2000 1338 2086 σκαραμάγγια
1392 2002 1826 2079 λευκολέοντας
1841 2052 1862 2084 ,
1927 2006 2039 2069 καί
2094 2000 2324 2091 ἑτέρων
2372 2011 2610 2091 χροιῶν
2647 2011 2764 2075 καὶ

530 2103 953 2184 οέξεμπλίων,
1013 2098 1432 2184 βαστάζοντες
1471 2104 1584 2166 καί
1618 2098 1696 2166 τὰ
1735 2105 2160 2189 οτρατωρίκια
2178 2151 2197 2168 .
2281 2103 2453 2181 δεξιά
2495 2109 2566 2171 δὲ
2599 2106 2760 2193 πρὸς

595 2196 778 2267 δόσιν
817 2201 908 2274 εἷς
944 2196 1060 2284 τὴν
1098 2195 1409 2284 σύμπηξιν
1466 2201 1593 2265 τῶν
1634 2197 1751 2264 δύο
1803 2199 2017 2285 βήλων
2058 2200 2292 2281 ἔξωθεν
2335 2196 2588 2269 ἄνωθεν
2627 2209 2758 2273 τῶν

593 2295 980 2385 οἷναβάθρων
1019 2297 1135 2361 τοῦ
1188 2295 1463 2381 μεγάλου
1522 2301 1844 2384 τρικλίνου
1885 2302 1999 2384 τῆς
2053 2297 2413 2387 μανναύρας
2451 2299 2602 2386 ἔστη
2640 2306 2840 2389 τῆςρο

592 2393 866 2490 μεγάλης
905 2390 1219 2482 ἑταιρείας
1262 2395 1598 2480 βαστάζων
1652 2396 1724 2463 τὸ
1783 2393 2267 2486 χρυσοῦφαντον
2309 2403 2526 2475 σενδὲς
2561 2406 2752 2483 βασι·
2943 2404 2949 2413 ’

593 2493 769 2561 λικὸν
810 2496 1172 2582 φλάμουλον
1188 2543 1207 2562 .
1236 2537 1261 2587 ⁸
1288 2493 1466 2561 ἔνθεν
1521 2498 1594 2561 δὲ
1634 2497 1920 2563 κάκεῖθεν
1960 2501 2086 2564 τῶν
2124 2490 2331 2563 αὐτῶν
2370 2493 2750 2585 άναβάθρων

596 2597 715 2661 τοῦ
753 2594 950 2662 αῦτοῦ
983 2595 1258 2680 μεγάλου
1298 2597 1612 2683 τρικλίνου
1654 2593 1735 2682 τῆ
1738 2620 1770 2672 ς
1803 2596 2174 2684 μανναιὶρας
2211 2594 2445 2677 ἔξωθεν
2479 2602 2600 2666 τῶν
2631 2593 2750 2666 αῦ-

597 2847 760 2903 snpra
794 2832 985 2904 gradus
1022 2830 1241 2885 stabant
1286 2831 1616 2902 maglabitae
1651 2840 1922 2903 gestantes
1966 2835 2332 2903 scaramangia
2369 2851 2599 2906 suasque
2629 2851 2755 2905 spa-

593 2904 732 2957 thas.
806 2904 998 2956 Statim
1039 2910 1165 2973 post
1198 2918 1292 2954 eos
1328 2902 1547 2954 stabant
1582 2902 1907 2956 Macedones
1944 2921 2168 2973 magnae
2205 2903 2512 2968 hetaeriae,
2564 2923 2756 2976 geren-

594 2983 681 3028 tes
716 2975 978 3027 interulas
1017 2982 1074 3026 et
1114 2972 1338 3044 spathas·
1389 2972 1692 3042 cingulares
1736 2972 1825 3024 vel
1875 2990 1907 3024 a
1942 2975 2160 3042 cingulo
2215 2982 2272 3026 et
2315 2975 2608 3029 semoribus
2658 2974 2757 3028 ‹le-

594 3042 900 3115 pendentes
948 3052 1223 3113 argenteas
1280 3060 1402 3094 cum
1437 3043 1569 3094 loris
1606 3044 1872 3095 inauratis
1910 3047 2207 3113 argenteis,
2244 3047 2376 3097 item
2410 3055 2561 3098 scuta
2595 3062 2759 3098 aurea

597 3124 657 3166 et
703 3116 811 3166 alia
849 3131 1018 3166 aenea
1056 3115 1300 3165 inaurata
1338 3121 1395 3165 et
1433 3114 1611 3165 ferrea
1647 3129 1758 3183 quo
1800 3129 1900 3179 ue3
1954 3116 2087 3166 item
2146 3131 2359 3167 secures
2408 3120 2571 3168 nnius
2626 3117 2760 3170 ferri

601 3192 661 3236 et
705 3184 991 3254 bipennes.
1074 3185 1217 3237 Infra
1267 3191 1445 3234 autem
1500 3182 1628 3233 illos
1679 3201 1769 3252 gra
1812 3200 1871 3235 us
1931 3184 2148 3237 stabant
2203 3194 2428 3253 utraque
2483 3185 2760 3251 hetaeria,

599 3270 795 3322 magna
829 3262 887 3306 et
928 3254 1136 3318 media,
1180 3262 1237 3305 et
1272 3253 1498 3324 Far-gani
1534 3260 1590 3304 et
1626 3253 1890 3318 Chazari3
1941 3272 2128 3307 omnes
2165 3272 2269 3306 una
2305 3271 2466 3305 manu
2504 3257 2762 3323 spathas,

597 3325 768 3376 altera
830 3333 979 3377 scuta
1033 3331 1294 3395 gerentes.
1385 3324 1687 3375 Domestici
1737 3324 2160 3392 protospatharii
2214 3322 2429 3375 stabant
2494 3325 2553 3376 in
2608 3327 2762 3379 solea

597 3391 731 3447 hinc
763 3401 822 3447 et
861 3395 1043 3457 illinc,
1095 3401 1364 3465 gestantes
1401 3393 1766 3462 scaramangia
1813 3397 2027 3463 gemino
2083 3394 2297 3454 colore,
2345 3391 2509 3444 viridi
2557 3402 2614 3446 et
2662 3414 2762 3449 ro-

595 3479 728 3527 seo,
779 3463 1038 3518 distincta
1077 3461 1425 3534 spathasque.
1511 3464 1638 3515 Post
1686 3481 1779 3516 eos
1821 3464 2040 3517 stabant
2083 3462 2611 3532 spatharocandidati
2664 3483 2764 3536 ge-

594 3541 804 3587 stantes
841 3533 1056 3605 spathas
1105 3543 1162 3587 et
1208 3534 1567 3603 scaramangia
1621 3533 1989 3586 multicoloria
2027 3544 2083 3586 et
2122 3532 2757 3602 spatharocandidaticia.

594 3605 724 3658 Post
758 3622 851 3656 eos
885 3606 1101 3657 stabant
1134 3603 1430 3672 spatharii,
1476 3612 1745 3673 gestantes
1783 3612 1839 3656 et
1878 3604 1939 3655 hi
1976 3619 2194 3675 quoque
2232 3603 2602 3657 multicoloria
2638 3624 2759 3658 sca-

596 3674 872 3742 ramangia
910 3684 965 3727 et
999 3673 1220 3744 spathas
1253 3691 1377 3728 suas
1413 3682 1470 3726 et
1486 3673 1764 3727 dextralia.
1811 3674 1956 3726 Dein
1991 3671 2208 3725 stabant
2240 3681 2513 3738 stratores,
2548 3683 2761 3744 gestan-

594 3753 679 3798 tes
718 3748 1078 3815 scaramangia
1115 3744 1370 3797 leonibus
1406 3744 1547 3797 albis
1593 3743 1826 3815 aliisque
1878 3745 2042 3796 variis
2091 3752 2200 3796 tam
2256 3743 2531 3796 coloribus
2592 3763 2757 3817 quan

595 3816 780 3884 figuris
817 3833 995 3868 rerum
1039 3817 1199 3884 picta.
1249 3813 1549 3867 Gestabant
1579 3813 1639 3866 hi
1678 3824 1957 3884 praeterea
2021 3813 2324 3867 stratoricia
2377 3830 2472 3866 seu
2511 3816 2764 3884 peculia-

596 3903 682 3940 res
717 3886 822 3938 sihi
860 3903 984 3938 suas
1019 3887 1215 3954 virgas.
1280 3885 1364 3936 Ad
1402 3885 1641 3937 dextram
1679 3900 1861 3938 versus
1898 3884 2237 3937 occidentem
2274 3883 2421 3954 apud
2454 3901 2762 3956 compagem

597 3955 829 4009 duorum
864 3956 1254 4017 cancellorum,
1302 3963 1359 4007 et
1394 3954 1618 4024 quidem
1660 3963 1810 4007 extra
1865 3970 1997 4018 eos,
2051 3955 2229 4007 stabat
2277 3958 2337 4007 in
2384 3973 2590 4010 summo
2643 3973 2767 4024 gra-

596 4028 797 4090 duum,
848 4044 948 4095 per
981 4043 1115 4096 quos
1151 4025 1222 4076 ad
1270 4041 1518 4094 magnum
1561 4024 1860 4077 triclinium
1899 4040 2227 4094 magnaurae
2275 4026 2610 4091 ascenditur,
2644 4044 2764 4079 ma-

596 4100 763 4168 gister
798 4113 1021 4167 magnae
1053 4096 1358 4158 hetaeriae,
1414 4112 1603 4166 gerens
1640 4112 1771 4146 auro
1812 4103 2120 4164 pertextam
2156 4111 2187 4146 e
2220 4111 2404 4164 panno
2442 4096 2633 4150 sendes
2678 4097 2762 4150 fa-

597 4177 745 4223 ctum
776 4167 1060 4240 imperiale
1099 4166 1416 4220 flamullum.
1489 4163 1574 4221 Ab
1622 4172 1851 4239 utraque
1906 4183 2034 4228 vero
2084 4175 2240 4240 parte
2298 4167 2592 4223 eorundem
2640 4185 2763 4240 gra-
