3050 4900
540 300 798 365 xxvm
1228 301 1341 367 10.
1400 300 1566 367 IAC.
1627 302 1926 369 REISKII

537 457 893 519 Botoniatae
918 502 937 537 ,
981 470 1043 522 et
1073 470 1334 543 quatuor
1387 480 1713 542 procerum
1759 462 1876 542 ipsi
1933 457 2303 522 adstantium
2349 460 2728 544 tmagtnibus·

538 560 1015 639 conspiciuntur.
1127 559 1315 638 Quod
1357 563 1562 642 itaque
1630 561 1975 642 imperator
2016 563 2081 621 in
2136 564 2339 643 cap-ite
2392 563 2549 645 gerit
2572 607 2590 640 ,
2636 572 2730 622 est

537 653 791 734 στέμμα
841 679 1110 732 corona,
1158 658 1283 737 vel,
1325 671 1397 721 ut
1450 658 1814 743 plerumque
1861 661 2046 737 verti,
2105 658 2344 742 infula.
2439 660 2544 722 Ad
2584 678 2722 721 eam

538 754 797 817 formam
840 770 1192 841 comparata
1239 771 1370 820 erat
1430 780 1660 819 corona
1713 769 2093 820 caeterorum
2137 764 2412 821 omnium
2453 762 2727 843 Byzantii

539 855 1005 938 Imperatorum.
1090 861 1267 938 Quae
1298 859 1377 920 ab
1419 859 1668 920 auribus
1712 862 2000 942 utrinque
2039 859 2383 941 dependent
2425 859 2528 921 fila
2560 858 2754 920 mar-‘

540 959 897 1039 gal-starum,
926 958 1127 1041 qualia
1172 963 1239 1020 in
1292 961 1493 1020 numia
1529 960 1876 1042 Byzantinis
1900 960 2063 1043 apud
2077 959 2462 1044 Ducangium
2491 961 2728 1021 etBan-

545 1056 791 1118 durium
833 1059 1173 1142 frequentia
1223 1070 1580 1142 comparent
1595 1103 1613 1138 ‚
1656 1072 1799 1121 sunt
1848 1055 2228 1122 κατάσειστα
2249 1106 2268 1141 ,
2332 1060 2730 1144 quemadmo-

539 1155 690 1218 dum
723 1159 792 1219 in
826 1157 985 1219 libro
1008 1171 1217 1221 nostro
1264 1159 1673 1243 appellantur.
1758 1160 1990 1240 VestiS‚
2028 1180 2186 1243 quae
2233 1163 2546 1222 sinistrum
2582 1159 2728 1220 bra-

540 1256 749 1319 chium
823 1269 1025 1320 totum
1079 1258 1339 1323 involvit
1360 1304 1381 1340 ,
1441 1260 1725 1321 dextrum
1776 1260 2104 1322 humerum
2155 1259 2374 1322 leviter
2423 1263 2593 1343 tegit,
2641 1269 2735 1321 est

536 1355 867 1441 chlamy8.·
914 1358 1013 1420 De
1052 1360 1264 1421 dextm
1293 1362 1422 1423 eius
1453 1359 1676 1422 lacinia
1714 1358 1869 1422 nihil
1911 1359 2170 1443 amplius
2205 1370 2397 1443 patet,
2438 1381 2625 1444 quam
2656 1380 2732 1420 ea

535 1475 702 1539 pars,
735 1479 859 1541 qua
898 1481 1010 1542 per
1039 1458 1289 1523 fibulam
1333 1480 1516 1543 super
1550 1459 1807 1521 humero
1849 1460 2061 1523 dextro
2092 1462 2370 1521 sinistrae
2409 1462 2731 1521 commissa

474 1608 481 1617 .
542 1569 662 1619 est.
746 1559 1075 1643 Reliquum
1103 1583 1285 1623 omne
1331 1563 1398 1622 in
1423 1570 1666 1644 tergum
1705 1563 1997 1622 reiectum
2034 1559 2201 1622 latet.
2281 1559 2404 1622 Sed
2428 1571 2600 1621 tanto
2631 1559 2732 1621 lu-

539 1655 842 1721 culentius
873 1671 1040 1744 patet
1066 1659 1286 1724 lacinia
1321 1663 1609 1743 sinistra3
1651 1663 1717 1723 in
1755 1682 1880 1745 qua
1904 1659 2175 1723 notanda
2201 1662 2472 1745 primum
2501 1655 2542 1741 ἦ
2574 1647 2735 1741 ὅρνα

538 1777 647 1819 seu
675 1778 820 1839 ora,
861 1765 1203 1845 margaritis
1242 1763 1466 1844 obsita,
1509 1760 1846 1825 secundum
1891 1760 2277 1827 latitudinem
2312 1761 2575 1844 pectoris
2620 1758 2731 1820 de-
2847 1780 2870 1801 κ

537 1857 831 1921 scendens
858 1864 1130 1945 primum
1172 1862 1252 1924 ad
1288 1866 1484 1923 imum
1530 1873 1809 1924 venuem
1829 1905 1848 1942 ,
1891 1860 2034 1923 dein
2064 1860 2144 1922 ad
2186 1863 2342 1922 imos
2367 1859 2576 1944 pedeS,
2619 1858 2728 1920 de-

245 1971 404 2030 ml..
418 1972 526 2031 ΧΠ
543 1961 731 2041 nique
771 1959 1050 2022 revoluta
1089 1961 1284 2023 ambit
1314 1963 1625 2023 sinistrum
1661 1982 1940 2044 carpum,
1981 1970 2045 2022 et
2080 1958 2391 2021 descendit
2439 1980 2625 2043 porro
2649 1957 2731 2019 ad

542 2060 863 2143 posticam.
943 2061 1225 2122 Secunda
1270 2083 1414 2146 pars
1460 2061 1749 2124 notabilis
1800 2072 1896 2123 est
1939 2059 2308 2143 inaequabili
2365 2058 2472 2119 illa
2544 2079 2742 2141 paene

541 2158 1140 2243 parallelogrammos
1167 2162 1360 2245 figura
1384 2183 1497 2247 per
1535 2173 1746 2245 pectus
1775 2160 2058 2241 deducta,
2096 2162 2163 2221 in
2183 2180 2421 2221 summo
2453 2169 2733 2237 curvata,

542 2259 611 2320 in
650 2262 774 2321 imo
817 2272 994 2322 acuta
1015 2306 1035 2340 ‚
1077 2283 1189 2344 per
1221 2283 1359 2323 oras
1396 2264 1739 2345 margaritis
1775 2262 1972 2323 cincta
1998 2306 2017 2341 ,
2077 2264 2144 2322 in
2192 2259 2396 2322 medio
2436 2258 2732 2321 helicibus

542 2360 732 2442 picta,
779 2381 895 2422 acu
937 2383 1145 2423 aurea.
1233 2363 1404 2425 Haec
1428 2374 1521 2424 est
1557 2361 1666 2425 illa
1704 2383 1867 2446 parS,
1910 2382 2069 2444 quae
2112 2360 2338 2423 Nostro
2385 2360 2733 2441 saepissime

535 2473 917 2524 memoratur
930 2462 1189 2541 ταβλίον
1227 2463 1326 2526 vel
1352 2456 1636 2546 ταυλίον,
1685 2483 1794 2524 seu
1823 2462 2095 2540 tabella,
2131 2473 2274 2545 apta
2309 2459 2735 2543 appellatione.

540 2562 601 2624 N
605 2583 706 2624 am
747 2564 800 2625 si
827 2561 1019 2625 altera
1053 2565 1168 2646 ipsi
1204 2562 1576 2647 respondens
1623 2584 1767 2645 pars
1804 2563 1868 2623 in
1910 2561 2118 2623 dextra
2168 2558 2508 2643 chlamydis
2558 2570 2734 2643 parte

542 2664 661 2744 ipsi
696 2673 1062 2745 apponatur,
1106 2674 1359 2746 apparet
1383 2675 1679 2746 tanquam
1704 2659 1913 2724 tabula
1938 2662 2171 2744 pectori
2213 2662 2519 2744 imposita,
2563 2659 2733 2743 quod

545 2756 891 2825 luculenter
953 2766 1323 2845 conspicitur
1377 2766 1444 2824 in
1497 2763 1699 2825 tribus
1755 2761 1875 2824 illis
1932 2763 2294 2844 Imperatori
2353 2758 2735 2822 adstantibus

541 2863 924 2944 proceribus.
1016 2865 1214 2928 Vestis
1255 2862 1531 2943 inferior,
1573 2861 1881 2946 chlamydi
1919 2863 2230 2944 supposita
2249 2904 2269 2939 ,
2311 2880 2470 2943 quae
2514 2858 2595 2921 ad
2622 2879 2734 2941 pe-

541 2961 656 3024 des
706 2983 901 3046 usque
936 2963 1248 3026 descendit
1270 3008 1289 3042 ,
1341 2975 1404 3025 et
1462 2974 1762 3046 quatenus
1805 2963 2087 3024 dextrum
2131 2958 2452 3024 brachium
2498 2958 2693 3020 ambit
2711 3003 2733 3041 ,

550 3066 940 3147 angustisque
975 3066 1229 3126 manicis
1271 3084 1524 3145 carpum
1559 3062 1837 3124 dextrum
1887 3062 2117 3124 claudit
2141 3105 2162 3140 ‚
2204 3058 2542 3122 luculenter
2578 3078 2731 3119 con-

552 3165 805 3245 spicitur
823 3209 843 3242 ,
888 3185 961 3225 ea
1007 3176 1100 3226 est
1140 3161 1367 3244 χλανὶς
1406 3162 1504 3226 vel
1565 3157 1917 3241 χλανίδιον.
2017 3162 2284 3244 Figurae
2324 3170 2386 3219 et
2423 3158 2733 3241 chlamydi

557 3274 620 3322 et
662 3262 928 3323 chlanidi
947 3309 967 3342 ,
1010 3263 1113 3327 vel
1145 3264 1426 3336 tunicae,
1470 3264 1732 3324 intextae
1778 3259 2162 3344 appellantur
2188 3258 2413 3320 Nostro
2442 3256 2734 3338 ἑξέμπλι-

554 3381 626 3423 ον
662 3362 1047 3445 exemplum.
1160 3363 1345 3442 Quod
1380 3365 1446 3424 in
1483 3385 1671 3425 manu
1713 3363 1957 3423 sinistra
2000 3369 2191 3440 tenet,
2233 3358 2460 3420 Nostro
2497 3361 2732 3441 promi-

555 3480 700 3522 scue
733 3451 966 3522 ἇκακία
1000 3473 1062 3523 et
1093 3461 1447 3538 α’νεξικακιά
1463 3463 1828 3546 appellatur,
1870 3460 2161 3524 volumen
2179 3459 2734 3540 membranaceum,

557 3570 665 3621 aut
711 3561 984 3622 sacculus
1011 3564 1296 3642 sericeus,
1341 3563 1418 3624 de
1457 3585 1583 3646 quo
1627 3566 1695 3626 in
1740 3562 2206 3625 Commentariis
2229 3559 2408 3643 plura
2430 3558 2730 3625 dicentur.

722 3660 798 3721 In
858 3663 1213 3743 proceribus
1266 3674 1602 3745 ¹utrumque
1667 3663 1826 3726 latus
1904 3663 2295 3746 Imperatoris
2367 3650 2731 3741 stipantibus

553 3759 949 3823 observamus
992 3765 1280 3824 vestitum
1316 3763 1512 3824 tribus
1553 3762 1849 3826 barbatis
1879 3782 2289 3839 communem,
2333 3760 2440 3819 uni
2474 3755 2731 3841 spadoni

554 3856 942 3942 peculiarem.
1039 3861 1285 3924 Primus
1334 3864 1413 3924 ad
1455 3864 1727 3924 dextram
1769 3861 2144 3925 Prohedrus
2196 3858 2296 3920 vel
2346 3859 2622 3919 Praeses
2667 3869 2733 3919 et

556 3958 860 4025 Canicleo
879 4007 898 4040 ‚
932 3962 1043 4024 -vel
1082 3965 1350 4028 vasculo
1391 3966 1571 4026 sacri
1617 3962 1951 4035 encausti,
2005 3958 2376 4046 praefectus
2398 4003 2419 4036 ‚
2482 3957 2733 4018 indutus

555 4070 646 4121 est
666 4105 684 4140 ‚
730 4072 796 4129 et
831 4073 973 4124 sunt
1015 4084 1258 4146 quoque
1277 4067 1497 4126 caeteri
1524 4109 1545 4142 ‚
1587 4063 2027 4146 scaramangio‚
2070 4081 2178 4121 seu
2229 4059 2438 4120 stricto
2491 4057 2680 4141 pallio
2712 4102 2732 4134 ,

554 4161 717 4237 circa
774 4161 1051 4247 iugulum
1092 4162 1278 4231 fibula
1332 4163 1623 4249 singulari
1663 4166 1978 4249 geminave
2032 4159 2237 4224 clauso
2259 4203 2279 4242 ,
2339 4179 2483 4224 cum
2525 4153 2732 4220 tablns
