3050 4900
526 1111 749 1192 quam
798 1084 1199 1173 desinam,
1245 1104 1460 1188 quem
1509 1080 1828 1187 denique
1884 1081 2055 1157 Vos
2117 1086 2419 1190 collegii
2476 1100 2718 1168 vestri

525 1241 812 1313 honore
853 1236 1168 1336 dignum
1200 1257 1361 1308 esse
1409 1235 1858 1308 censuistis?
1905 1233 2066 1308 Iam
2097 1242 2421 1334 primum
2470 1252 2713 1317 autem
2751 1230 2778 1267 ‘⁵

529 1391 611 1460 in
657 1386 911 1458 limine
962 1387 1212 1483 operis
1263 1379 1469 1485 quod
1516 1377 1909 1455 Reiskiani
1957 1392 2463 1461 commentarii
2501 1407 2723 1488 parte

402 1530 415 1536 ’
529 1531 818 1610 inedita
889 1531 1312 1625 ornabitur,
1372 1528 1895 1631 praedicanda
1959 1533 2149 1605 mihi
2214 1548 2327 1607 est
2375 1545 2725 1614 memoria

520 1682 591 1760 ‘S
599 1709 654 1760 U
669 1699 810 1760 ΠΜ
825 1706 926 1759 ιι.
1032 1683 1189 1787 Qui
1253 1709 1480 1786 quum
1560 1687 1933 1783 sapienter
1986 1685 2429 1786 intelligeret
2504 1704 2722 1782 quam

515 1838 892 1933 pretiosae
926 1849 1169 1908 essent
1212 1830 1535 1907 schedae
1581 1836 1741 1905 viri
1774 1837 2044 1933 summi
2055 1888 2080 1919 ,
2131 1854 2347 1936 quem
2387 1834 2725 1935 plerique

526 1988 689 2059 eius
736 1987 916 2057 aevi
975 1983 1310 2057 homines
1375 1981 1662 2083 eruditi
1729 1982 2044 2084 superbe
2099 2000 2322 2085 atque
2391 1984 2728 2083 imperite

526 2128 1073 2230 despiciebant,
1165 2155 1293 2205 eas
1314 2188 1334 2217 ,
1428 2120 1806 2229 munifice'
1849 2156 1901 2203 a
1978 2126 2222 2241 ‘uidua
2318 2125 2726 2213 redemtas,

534 2272 1024 2352 bibliothecae
1084 2294 1268 2350 'suae
1327 2279 1674 2375 paravit,
1730 2275 2290 2375 litterarumque
2341 2274 2727 2347 commodo

527 2430 918 2501 servavit.-
967 2430 1316 2501 servavit
1363 2424 1574 2499 dico.-
1621 2430 1886 2500 etenim
1939 2427 2018 2497 in
2066 2412 2273 2496 tanta
2320 2446 2512 2523 quae
2560 2421 2734 2498 sub-

531 2592 794 2651 secuta
871 2590 985 2650 est
1060 2539 1483 2674 tempestate
1569 2592 1790 2682 atque
1847 2598 2116 2688 ,rerum
2192 2567 2734 2657 conversione,

535 2726 689 2797 nisi
730 2727 862 2796 vir
891 2723 1016 2796 ille
1047 2728 1316 2798 ceteris
1349 2723 1742 2798 dissimilis
1758 2723 2075 2825 fuisset,
2120 2719 2413 2794 labores
2439 2716 2736 2793 Reiskii

532 2888 663 2946 aut
740 2876 1196 2949 interiissent
1257 2876 1518 2976 plane,
1588 2892 1721 2948 aut
1769 2874 2150 2975 fortasse,
2213 2870 2392 2954 vili,
2444 2841 2515 2941 si
2539 2868 2735 2965 fieri

522 3032 818 3114 Posset,
866 3024 1112 3115 pretio
1164 3025 1517 3120 coempti,
1572 3019 1909 3094 Dibdino
1959 3018 2210 3120 aliquo
2260 3023 2568 3115 agente,
2650 3019 2730 3084 in

533 3162 1020 3240 Lucullorum
1057 3166 1541 3244 bibliothecas
1584 3167 1875 3244 detrusi
1912 3186 2187 3252 essent,
2229 3164 2425 3240 unde
2451 3179 2730 3264 negant

536 3310 789 3387 redire
840 3319 1235 3417 quicquam
1285 3318 1488 3421 quod
1545 3320 1770 3396 semel
1816 3320 2176 3420 sepulcris
2220 3321 2385 3391 istis
2444 3315 2730 3387 illatum
2829 3357 2840 3370 -

533 3464 653 3534 sit.
756 3459 965 3534 Male
1011 3467 1113 3537 sit
1175 3464 1436 3551 vobis,
1512 3468 1748 3541 malae
1798 3465 2143 3552 tenebrae
2196 3463 2432 3539 Orci!
2496 3462 2729 3534 Nunc

528 3623 774 3682 autem
813 3610 1039 3708 plane
1086 3620 1468 3689 contraria
1521 3622 1811 3692 ratione
1865 3618 2114 3691 evenit
2130 3668 2154 3696 ,
2226 3629 2308 3685 ut
2365 3581 2540 3712 post
2590 3609 2726 3681 ali-

529 3766 712 3856 quot
761 3783 998 3836 annos
1047 3786 1211 3837 cum
1260 3766 1569 3868 reliquis
1622 3771 1860 3868 copiis
1908 3763 2335 3839 Submianis
2386 3763 2465 3831 in
2515 3756 2728 3830 bibli-

528 3907 868 3982 othecam
883 3906 1206 4011 Regiam
1238 3914 1743 3992 Hauniensem
1785 3921 2243 4017 migrarent3
2297 3903 2728 3983 huiusmodi

532 4050 832 4131 divitiis
867 4066 1133 4134 ornari
1165 4061 1719 4166 dignissimam3
1771 4071 2043 4169 quippe
2093 4087 2283 4167 quae
2330 4054 2722 4158 splendore

532 4202 872 4289 mdicum
910 4219 1352 4310 praesertim
1401 4221 1534 4318 qui
1581 4216 1687 4294 ad
1735 4217 2023 4298 litteras
2091 4232 2408 4314 graecas
2480 4205 2719 4278 orien-

2406 4551 2426 4583 k
