3050 4900
579 296 697 367 ιο.
757 300 1010 366 nsua.
1068 299 1363 367 menn
1422 298 2036 407 comnmrmo.
2151 276 2401 381 mm

225 484 381 547 quae
406 460 791 524 occidentem
817 480 1036 558 versus
1065 461 1277 521 tunicae
1308 464 1483 543 regni
1508 462 1858 547 amplissimi
1884 466 2172 552 reliquiae
2198 484 2398 556 erant,

229 550 449 629 partim
500 566 542 607 a
589 543 1017 625 Longobardis
1062 553 1423 625 occupatae,
1483 550 1708 628 partim
1761 549 2172 632 frequentibus
2213 555 2398 616 Sara-

230 650 519 691 eenomm
573 649 647 689 ex
706 627 923 687 Africa
985 626 1431 687 incursionibus
1486 633 1747 691 attritae.
1846 633 1975 695 Nec
2023 640 2222 699 oriens
2277 641 2397 700 im-

229 725 427 775 motus
460 723 633 789 erat,
677 731 820 771 cum
860 709 1158 791 Scythicis
1214 721 1275 770 et
1317 708 1598 774 Arabicis
1636 714 1914 795 gentibus
1959 719 2213 780 inermes
2253 740 2401 802 pro-

230 800 466 857 vinciae
484 841 505 874 ,
549 806 611 854 et
650 813 891 875 semper
948 792 1224 852 hostibus
1271 797 1567 873 expositae
1588 841 1607 873 ‚
1665 799 1728 856 in
1777 801 2040 878 pretium
2082 801 2224 861 belli
2270 826 2398 864 ces..

232 882 477 954 sissent,
519 898 671 959 qms
704 877 935 937 flustra
965 877 1180 935 Graeci
1226 879 1408 936 armis
1450 880 1818 959 repetebant.
1901 882 2066 944 Inter
2104 883 2251 945 haec
2285 890 2400 946 mi·-

232 984 382 1022 rum
426 973 520 1022 est
542 1005 562 1036 ‚
603 971 827 1041 quanto
869 958 1073 1019 studio
1114 960 1511 1038 Imperatores
1562 962 1763 1022 adnixi
1814 966 1935 1024 sint
1960 1010 1979 1043 ‚
2019 976 2092 1026 ut
2125 970 2402 1029 maiestas

234 1066 357 1105 sna
404 1055 467 1103 et
494 1046 752 1124 potentia
778 1041 1123 1102 veneranda
1144 1040 1384 1122 populis
1419 1063 1491 1102 ac
1531 1042 1813 1106 terribilis
1851 1058 2028 1126 esset,
2077 1070 2188 1109 nec
2215 1050 2426 1112 fracta.

235 1138 340 1187 tot
388 1125 827 1186 calamitatibus
850 1169 870 1201 ,
926 1135 1035 1184 aut
1092 1127 1413 1185 imminuta
1430 1166 1448 1203 ,
1501 1126 1828 1191 videretur.
1914 1131 2070 1191 Hinc
2134 1131 2236 1194 ille
2285 1137 2405 1194 mi·-

238 1213 575 1270 nistromm
636 1210 841 1288 regni.
858 1226 1148 1267 numerus
1192 1250 1212 1283 ‚
1270 1206 1414 1267 hinc
1462 1211 1646 1269 trium
1691 1210 1852 1271 helia
1899 1227 2268 1276 -ornamenta
2342 1228 2403 1278 et

240 1313 500 1374 pompae
520 1334 543 1368 ,
582 1290 728 1351 hinc
768 1292 1066 1351 circenses
1104 1289 1234 1350 ludi
1267 1300 1329 1349 et
1366 1300 1644 1371 spectacu
1668 1314 1705 1354 a
1750 1293 1984 1356 civibus
2021 1299 2184 1358 edita
2207 1343 2224 1377 ,
2260 1298 2406 1359 hinc

242 1396 565 1435 munerum
606 1373 886 1435 solennes
930 1375 1303 1455 erogationes
1326 1415 1345 1449 ‚
1411 1385 1473 1433 et
1508 1377 1560 1435 si
1609 1394 1764 1457 quae
1816 1376 1936 1438 alia
1983 1391 2089 1440 aut
2144 1383 2405 1465 principi

237 1458 459 1519 deeora
496 1468 607 1517 aut
654 1467 901 1538 accepta
944 1455 1132 1537 vulgo
1152 1498 1171 1533 ‚
1246 1455 1632 1536 putabantur.
1735 1460 1833 1519 Sic
1866 1480 2016 1522 vero
2062 1472 2430 1546 temporum*

242 1562 521 1601 mocessn
565 1542 872 1599 aerarium
916 1539 1271 1599 exhaustum
1315 1549 1405 1599 est
1422 1584 1441 1616 ‚
1497 1550 1560 1599 et
1611 1541 1873 1602 mollicie
1917 1563 1986 1603 ac
2031 1547 2155 1606 otio
2207 1548 2408 1629 Impe-

239 1635 447 1684 rantes
481 1630 547 1684 et
574 1623 829 1683 subiecti
867 1621 1331 1683 contabuerunt.
1374 1621 1431 1681 Ν
1434 1643 1515 1682 on
1545 1623 1695 1683 adeo
1721 1632 1924 1685 tamen
1959 1629 2250 1687 virtutum
2290 1641 2411 1689 ste-

246 1706 387 1766 rilia
436 1708 593 1767 haec
644 1704 847 1767 secula
898 1705 1070 1766 filex-e
1087 1749 1107 1784 ‚
1162 1715 1233 1765 ut
1289 1725 1417 1764 non
1479 1714 1540 1766 et
1599 1702 1760 1767 bona
1807 1708 2074 1790 exempla
2126 1711 2413 1791 prodide-

247 1792 381 1849 rint
410 1833 431 1867 ‚
471 1791 595 1848 imo
637 1787 840 1870 plnres
881 1788 933 1848 B
976 1790 1235 1848 santium
1277 1786 1531 1866 habuit,
1573 1807 1725 1871 quos
1767 1789 2014 1868 ltaliae,
2056 1791 2266 1853 studiis
2311 1793 2413 1853 lit-

248 1884 523 1932 tei-amm
560 1872 868 1953 quondam
958 1873 1367 1933 orentissimae
1395 1913 1415 1948 ‚
1457 1881 1590 1931 tum
1639 1871 1746 1932 illo
1788 1870 2018 1933 lumine
2059 1874 2375 1935 destitutae
2392 1918 2411 1954 ,

247 1966 600 2037 opponeret.
682 1954 845 2015 Cum
891 1956 1079 2030 enim,
1121 1974 1157 2014 a
1208 1954 1524 2025 Iustiniani
1565 1965 1758 2015 aetate
1785 1997 1803 2032 ‚
1847 1946 2005 2017 artes
2045 1961 2290 2040 antiqua
2328 1978 2414 2019 re·

249 2038 475 2119 ligione
532 2040 712 2119 pauci
772 2059 885 2119 per
930 2036 1165 2097 Italiam
1219 2035 1555 2099 excolerent
1572 2080 1592 2114 ‚
1649 2038 1813 2119 quod
1859 2038 2102 2100 barbari
2121 2088 2139 2117 ,
2239 2042 2414 2102 uibus

244 2132 379 2181 tum
424 2141 647 2203 parere
700 2120 1068 2202 cogebatur,
1126 2123 1198 2180 iis
1263 2122 1495 2180 animos
1553 2119 1922 2182 effoeminari
1944 2165 1963 2199 ‚
2023 2143 2092 2182 ac
2138 2124 2214 2184 be
2241 2124 2416 2184 licam

246 2208 537 2265 virtutem
583 2206 885 2286 opprimi,
929 2203 1253 2267 credebant
1271 2246 1290 2280 ‚
1310 2205 1588 2263 *Graecia
1622 2204 1989 2285 Procopium
2009 2249 2026 2283 ,
2071 2206 2419 2287 Agathiam‚

248 2288 693 2369 Theophanem
721 2331 740 2363 ‚
799 2288 1127 2367 praestanti
1175 2284 1510 2345 eruditione
1554 2288 1717 2347 viros
1736 2332 1756 2364 ,
1813 2285 2038 2348 extulit.
2137 2290 2248 2349 His
2296 2310 2420 2350 non

251 2373 449 2452 impar
490 2370 609 2429 fuit
651 2368 883 2429 Paulus
929 2367 1304 2429 silentiarius
1330 2414 1348 2445 ,
1387 2364 1656 2450 pulchris
1706 2362 2018 2450 doctisque
2055 2372 2421 2433 carminibus

253 2454 494 2514 inclitus
515 2499 535 2530 ‚
579 2475 721 2513 cum
762 2473 1005 2534 magna¹
1028 2450 1134 2512 illa
1186 2454 1423 2533 ingenia
1476 2452 1708 2511 dudum
1743 2457 1807 2512 in
1862 2452 2033 2514 Italia
2070 2458 2380 2516 cessissent
2400 2499 2419 2534 ‚

156 2561 169 2582 ·
257 2549 316 2596 et
357 2537 683 2618 strepitum
747 2539 1067 2616 poetarum
1122 2536 1477 2596 Latinorum
1534 2537 1636 2594 vix·
1696 2556 1767 2595 ea
1822 2546 2095 2616 tempora
2115 2581 2132 2612 ‚
2201 2538 2421 2619 quibus

416 2624 427 2634 '
558 2630 588 2680 t
618 2661 639 2694 ‚
712 2619 873 2678 ferre
912 2628 1173 2700 possent.
1250 2617 1372 2677 Sed
1411 2662 1429 2694 ‚
1486 2627 1557 2677 ut
1604 2617 1683 2676 ad
1736 2620 2023 2700 propiora
2067 2623 2379 2680 veniamus
2401 2665 2420 2699 ‚

260 2705 397 2783 quis
446 2702 677 2762 Photio
703 2748 721 2779 ,
762 2703 868 2783 qui
911 2700 1113 2761 Basilii
1172 2701 1519 2763 Macedonis
1562 2710 1817 2760 aetatem
1862 2698 2188 2762 illustravit
2207 2745 2226 2779 ‚
2288 2706 2425 2784 quis

265 2787 545 2843 omnium
582 2788 928 2866 principum
979 2784 1167 2843 Leoni
1189 2828 1206 2859 ‚
1248 2786 1347 2843 cui
1386 2783 1661 2842 doctrina
1693 2794 1753 2843 et
1796 2794 2082 2865 paternus
2125 2787 2187 2844 in
2220 2785 2426 2847 Musas

269 2869 516 2926 animus
548 2867 836 2947 Sapientis
878 2888 1214 2949 cog-nomen
1266 2866 1497 2926 addidit
1519 2907 1539 2941 ‚
1583 2866 1714 2926 iure
1757 2878 1958 2946 posset
1997 2870 2431 2949 aequiparari?

270 2951 349 3008 In
405 2952 539 3009 eius
584 2950 817 3030 quidem
861 2951 1075 3010 edictis
1118 2948 1609 3010 declamatorium
1656 2951 1857 3030 potius
1901 2949 2137 3009 dicendi
2191 2969 2378 3030 genus
2406 2991 2424 3027 ‚
2439 2958 2498 3010 L.
2511 2952 2632 3012 XIV

266 3054 458 3115 quam
501 3031 609 3091 illa
658 3035 915 3114 gravitas
953 3043 1014 3093 et
1055 3034 1332 3092 maiestas
1371 3032 1659 3091 orationis
1681 3075 1701 3109 ‚
1742 3051 1898 3111 quae
1943 3032 2205 3111 antiquis
2259 3035 2438 3107 inest,

265 3114 746 3197 deprehenditur
776 3138 794 3175 ε
849 3115 957 3176 sed
1012 3114 1160 3175 haec
1202 3113 1454 3174 fortasse
1494 3124 1618 3173 tem
1663 3133 1839 3172 orum
1890 3112 2066 3193 culpa
2085 3156 2104 3191 ‚
2164 3123 2224 3172 et
2262 3117 2437 3196 quasi

267 3201 483 3280 genius
514 3199 765 3281 quidam
792 3199 932 3259 fuit.
1018 3198 1414 3258 Constantino
1454 3196 1622 3277 Porp
1665 3194 2002 3277 yrogenito,
2034 3196 2252 3256 Leonis
2286 3197 2435 3277 filio,

270 3292 587 3362 acceptum
626 3282 901 3355 ferimus,
924 3280 1100 3363 ‘quod
1139 3290 1375 3342 vetusta
1415 3281 1707 3338 memoria
1746 3298 1868 3337 non
1907 3276 2090 3359 plane
2116 3279 2436 3359 interierit,
2477 3301 2486 3314 ⁸

272 3386 415 3424 cum
461 3364 723 3425 Diodori
790 3364 977 3426 Siculi
998 3407 1017 3440 ‚
1068 3364 1285 3430 Dionis
1340 3364 1571 3437 Cassii,
1646 3359 1905 3420 aliorum
1927 3405 1946 3438 ‚
2008 3373 2396 3422 monumenta
2420 3407 2439 3440 ,

273 3446 493 3508 litteris
534 3448 789 3524 tradita,
841 3468 909 3507 ex
952 3445 1056 3507 illa
1100 3446 1367 3527 palatina
1407 3443 1770 3504 bibliotheca
1808 3447 1870 3502 in
1911 3442 2107 3503 lucem
2136 3456 2443 3526 utcunque

274 3530 600 3610 protulerit
621 3575 642 3606 .,
684 3533 967 3612 princeps
1013 3540 1074 3588 et
1124 3532 1252 3611 ipse
1291 3529 1524 3669 egregie
1557 3527 1768 3586 doctus
1806 3537 1867 3586 et
1898 3525 2270 3620 eruditorum
2313 3527 2444 3588 cul-

276 3623 376 3671 tor
438 3623 501 3672 et
551 3615 802 3674 antistes
857 3615 1176 3673 maximus·
1261 3611 1376 3671 Sed
1463 3631 1496 3670 e
1553 3611 1928 3669 Constantini
1990 3611 2225 3690 scriptis
2273 3621 2332 3670 et
2382 3613 2447 3670 in

278 3694 468 3756 bonas
506 3693 740 3756 litteras
784 3697 1018 3756 meritis
1064 3695 1404 3755 uberiorem
1432 3694 1750 3752 materiam
1790 3690 1923 3751 aliis
1960 3693 2332 3771 temporibus
2365 3713 2452 3753 se·

437 3782 480 3854 '‚
522 3801 669 3839 cum
710 3781 841 3838 eius
871 3778 949 3839 de
981 3780 1322 3839 cerimoniis
1365 3775 1539 3836 aulae
1560 3776 1921 3857 Byzantinae
1961 3794 2138 3854 opm,
2187 3776 2249 3833 in
2298 3775 2451 3835 duos

278 3798 463 3921 ffi
504 3861 809 3943 digestum
828 3904 846 3937 ,
893 3881 929 3920 e
974 3862 1183 3921 codice
1208 3857 1609 3920 bibliothecae
1647 3856 1949 3937 publicae,
1980 3856 2043 3915 id
2085 3857 2249 3937 quod
2279 3851 2455 3917 maxi-

281 3963 379 4003 me
420 3966 582 4004 nunc
619 3943 877 4020 molior,
925 3942 1244 4024 evulgabo.
1330 3939 1516 4002 Aetas
1561 3942 1713 4014 eiu3‚
1757 3942 1806 3998 si
1842 3959 1997 4020 quae
2042 3938 2183 4017 alia,
2225 3940 2457 4020 magnis

284 4026 565 4109 exemplis
615 4027 789 4086 dives
831 4026 963 4088 filit.
1060 4026 1219 4085 Nam
1265 4024 1440 4083 Russi
1462 4066 1481 4100 ‚
1527 4021 1834 4102 Turcique
1855 4065 1873 4098 ,
1936 4023 2120 4081 sacris
2161 4022 2454 4102 Christia-

257 4112 371 4171 .nis
408 4121 543 4169 tum
578 4112 851 4192 primum
901 4119 1010 4168 aut
1050 4109 1292 4186 initiati,
1335 4115 1441 4166 aut
1481 4103 1660 4165 altius
1704 4104 1919 4165 imbuti
1965 4115 2150 4180 sunt;
2191 4103 2459 4186 Bulgari,

283 4190 475 4253 valida
509 4201 576 4254 et
611 4193 990 4253 ferocissima
1034 4211 1204 4273 gem,
1232 4199 1369 4270 post
1397 4185 1556 4249 bella
1601 4185 1863 4268 plurima
1906 4195 1966 4245 et
2011 4198 2284 4267 cruenta,
2319 4207 2459 4246 san-

351 4293 764 4346 constantinus
808 4289 1083 4361 Por-phyr.
1108 4274 1237 4342 'VoL
1272 4289 1333 4340 1.-
1941 4285 2069 4327 «κη
