3050 4900
497 644 843 710 REGIAE
892 641 1484 707 SCIENTIARUM
1520 643 1639 705 ET
1681 640 2255 711 LITTERARUM

288 938 1366 1051 ACADEMIAE
1500 938 2490 1059 HAUNIENSI

853 1366 935 1439 Β.
991 1364 1084 1440 G.
1136 1362 1920 1443 NIEBUHRIUS.

298 2067 579 2233 Quam
627 2162 944 2219 secutus
1005 2130 1369 2223 ratior‘zem
1453 2141 1701 2218 Vobis
1762 2145 2268 2243 potissimum,
2319 2147 2484 2217 viri

290 2295 678 2368 dat-issimi
690 2350 723 2379 ,
791 2294 1344 2372 inscribendam
1410 2321 1572 2371 esse
1630 2298 2019 2373 statuerim
2086 2292 2283 2365 hanc
2329 2291 2482 2393 By-

291 2448 552 2516 zantini
598 2453 958 2546 eorporis
1001 2465 1330 2548 partem,
1384 2447 1469 2521 id
1508 2452 1777 2549 paacis
1826 2449 2144 2546 exponi,
2205 2441 2484 2518 Vobis-

296 2615 457 2695 que,
505 2600 658 2669 nisi
715 2596 1120 2671 admodum
1142 2597 1434 2700 fallor,
1482 2596 1801 2700 probari
1841 2598 2136 2695 poterit.
2240 2592 2490 2669 Socie-

299 2756 470 2816 tates
501 2743 890 2829 eruditae,
929 2744 1035 2848 ad
1064 2745 1432 2819 culturam
1473 2749 2066 2846 incrementaque
2092 2740 2488 2815 doctrinae

310 2895 665 2972 institutae
690 2949 716 2982 ,
766 2901 848 2969 in
896 2900 1205 2970 civitate
1249 2898 1614 2982 litterata,
1665 2921 1858 3000 quae
1897 2901 2163 2998 cuique
2196 2897 2489 2967 nationi

289 3044 595 3139 propria
649 3058 771 3116 est
786 3097 814 3125 ,
884 3038 1197 3119 Senatus
1258 3044 1504 3117 locum
1574 3060 1819 3118 tenere
1869 3046 2058 3116 mihi
2103 3042 2484 3124 videntur,

294 3211 491 3288 quem
538 3192 683 3266 vel
722 3196 1155 3292 peregrinis
1200 3190 1420 3265 adire
1467 3188 1723 3280 liceat,
1779 3206 1901 3274 ut,
1962 3192 2253 3292 quoties
2297 3211 2490 3289 opus

291 3341 383 3410 sit
400 3392 421 3423 ,
461 3338 567 3414 ad
600 3339 1417 3443 auxiliwnferendwn
1456 3342 1852 3417 hortentur
1868 3394 1890 3428 ‚
1925 3365 2072 3441 pro
2110 3338 2487 3438 beneficiis

293 3492 604 3584 acceptis
683 3494 981 3588 gratias
1040 3506 1278 3591 agant
1293 3542 1321 3577 ,
1380 3495 1690 3591 egregie
1738 3492 1975 3594 facta
2042 3485 2487 3563 collaudent.

293 3627 542 3736 Atque
592 3639 746 3710 hoc
793 3641 1095 3743 quidem
1159 3647 1232 3717 si
1292 3642 1423 3717 vel
1487 3643 1737 3715 cuivis
1777 3644 2184 3741 peregrino
2205 3636 2490 3738 faeere

296 3779 504 3871 b'cet,
576 3805 864 3890 quanto
923 3791 1008 3865 id
1053 3799 1300 3893 magis
1361 3818 1414 3867 a
1469 3788 1756 3881 Vobis,
1822 3795 1988 3864 viri
2049 3791 2482 3873 clarissimi,

300 3930 475 4001 mihi
500 3934 823 4010 concedi
860 3956 1186 4038 oportet,
1229 3944 1365 4043 qui
1411 3938 1774 4014 nascendi
1821 3945 2013 4026 iure,
2075 3966 2490 4017 munerum-

293 4101 435 4177 que
472 4084 551 4152 in
581 4107 669 4157 re
696 4084 1003 4184 publica
1054 4113 1225 4186 eum
1256 4093 1538 4164 civium
1574 4088 1849 4190 plausu
1895 4091 2073 4163 olim
2108 4089 2490 4192 gestorum

296 4235 674 4317 memoria,
702 4232 971 4334 fretus
995 4295 1014 4330 ,
1060 4240 1497 4339 popularem
1539 4256 1876 4320 vestrum
1922 4265 2037 4315 me
2038 4239 2274 4342 ferre
2305 4263 2490 4313 mm-
