3050 4900
1036 304 1675 373 PRAEFATIONES.
2300 322 2474 385 XXV

264 456 637 537 secet-nendi,
681 477 872 540 quam
917 455 1202 519 solertiae
1257 465 1666 523 recentiorum
1720 460 2032 528 debemus.
2139 467 2474 539 Adscribe-

269 560 419 620 bant
472 558 776 619 librorum
830 568 1117 619 veterum
1175 561 1443 621 iuniores
1505 582 1878 643 possessores
1932 569 1999 627 in
2043 571 2430 653 marginibus·
2447 617 2468 650 ‚

271 680 429 741 quae
486 657 757 735 vellent3
816 678 892 719 ea
948 657 1185 719 librarii
1242 670 1437 721 aetate
1492 663 1859 743 posteriores
1915 668 1981 726 in
2021 668 2182 749 ipsos
2238 670 2476 732 codices

272 759 503 841 absque
544 756 670 818 ulla
708 756 1108 818 distinctione
1146 756 1543 822 inferciebant
1563 805 1581 840 ‚
1650 773 1713 823 et
1755 767 2181 847 exspectabant
2220 769 2476 832 lectores

289 871 398 919 aut
435 870 569 918 tam
606 877 853 918 securos
895 868 959 916 et
998 859 1243 939 ignaros
1280 880 1489 920 rerum
1531 864 1833 942 omnium,
1875 877 1947 926 ut
1986 866 2266 949 scopulos
2305 870 2478 932 chro-

280 957 602 1040 nologicos
657 958 888 1039 absque
932 956 1265 1019 offensione
1304 964 1751 1043 praeterirent3
1813 976 1946 1029 aut.
1979 969 2032 1026 si
2073 989 2226 1050 quos
2264 971 2477 1030 nauci-

284 1069 602 1119 scen-entur
637 1060 928 1118 acutioris
969 1079 1179 1120 sensus
1200 1105 1220 1139 ‚
1276 1060 1725 1143 persuadebant
1777 1062 1892 1124 sibi
1914 1110 1933 1145 ‚
1976 1086 2080 1127 eos
2122 1067 2298 1129 facile
2315 1113 2334 1150 ,
2377 1068 2480 1130 vel

286 1179 421 1219 non
459 1156 790 1219 admonitos
808 1203 830 1237 ,
872 1170 1219 1220 assumenta
1259 1158 1457 1221 aliena
1498 1182 1627 1222 esse
1667 1164 2005 1246 agnituros.
2064 1166 2326 1229 Veniam
2364 1189 2482 1250 po-

286 1268 445 1320 terat
473 1280 543 1319 ffl
571 1255 929 1340 simplicitas
956 1259 1258 1340 invenire,
1301 1263 1352 1323 si
1382 1263 1545 1322 intra
1575 1283 1710 1324 eam
1736 1263 2166 1357 substitissent,
2210 1271 2318 1350 qui
2346 1279 2483 1330 tum

282 1369 475 1439 aaut,
518 1358 828 1420 librorum
866 1362 1389 1422 consarcinatores
1428 1372 1491 1422 et
1529 1360 1789 1425 librarii.
1878 1363 1970 1426 At
2007 1364 2098 1426 illi
2137 1365 2331 1427 multo
2371 1389 2485 1450 pe-

282 1460 437 1520 iora.
521 1458 1083 1521 Transsctibebant
1121 1458 1318 1522 aliena
1354 1463 1582 1544 scripta
1636 1463 2031 1542 verbotenus,
2074 1465 2381 1529 addebant
2416 1469 2485 1528 in

276 1559 398 1620 fine
434 1578 662 1641 parum
703 1555 939 1641 aliquid
981 1557 1060 1620 de
1101 1579 1210 1622 suo
1235 1604 1258 1643 ,
1321 1560 1587 1645 denique
1624 1563 2040 1647 praefigebant
2095 1586 2322 1627 nomen
2362 1578 2475 1629 aut

278 1680 487 1738 sunm,
531 1669 639 1720 aut
676 1657 849 1741 quod
892 1657 1146 1741 vellent,
1188 1671 1251 1723 et
1306 1661 1573 1744 agebant
1624 1663 1692 1725 in
1730 1662 1966 1725 litteras
2007 1662 2328 1726 latrocinia
2363 1667 2486 1727 im-

283 1778 478 1843 pune,
513 1769 805 1842 tantaque
866 1759 1188 1822 securitate
1241 1770 1306 1825 et
1358 1760 1765 1844 impudentia,
1820 1772 1953 1843 aut,
1996 1765 2047 1824 si
2090 1765 2309 1845 mavis,
2354 1774 2488 1825 stu-

282 1879 464 1942 pore,
506 1869 580 1921 ut
613 1858 759 1921 furti
799 1861 1147 1943 veterisque
1185 1858 1420 1922 domini
1459 1859 1690 1922 indicia
1739 1881 1867 1923 non
1910 1861 2243 1924 tollerent.¹
2300 1862 2490 1943 Quod

283 1959 627 2022 tumleuter
662 1971 952 2041 testatur,
1010 1982 1092 2022 ne
1131 1959 1252 2024 alia
1303 1961 1638 2046 proferam,
1680 1961 1983 2025 indiculus
2040 1963 2490 2046 Imperatorum

284 2059 689 2123 CPtanorum
723 2082 765 2123 a
803 2060 1134 2123 Lambecio
1173 2061 1254 2123 ad
1294 2061 1600 2127 Codinum
1629 2063 1746 2125 sub
1774 2062 1958 2125 huius
1982 2065 2231 2124 nomine
2261 2062 2485 2126 editus.

445 2160 506 2245 S.
550 2161 616 2223 5.
722 2162 827 2224 De
881 2161 1193 2225 exhibitis
1257 2163 1329 2225 in
1383 2164 1506 2226 hoc
1563 2163 1929 2239 volumine,
1975 2175 2040 2224 et
2079 2165 2149 2224 in
2193 2177 2486 2227 secutur-o

283 2263 693 2325 exhibendis.
780 2263 1156 2324 Praefationi
1194 2262 1425 2325 subieci
1471 2262 1555 2325 cl.
1587 2263 1935 2325 Decessoris
1965 2265 2084 2324 mei
2113 2263 2492 2325 dissertatio-

284 2384 426 2423 nem
466 2363 546 2424 de
586 2365 996 2426 Constantino
1018 2363 1631 2446 Porphyrogenneto,
1658 2384 1847 2446 quam
1867 2366 1921 2424 is
1956 2384 2132 2424 anno*
2164 2383 2184 2423 ι
2197 2362 2323 2448 746
2360 2362 2492 2425 edi-

281 2463 395 2525 dit.
505 2465 720 2526 Vitam
776 2475 1022 2526 enarrat
1061 2465 1450 2547 Imperatoris
1490 2464 1571 2525 ab
1612 2485 1823 2526 amore
1870 2475 1932 2525 et
1986 2463 2200 2526 studiis
2258 2462 2492 2525 littera-

284 2585 425 2625 rum
465 2564 933 2627 celebratissimi
975 2586 1133 2648 pura
1172 2576 1235 2626 et
1274 2564 1534 2647 eleganti
1574 2564 1864 2643 dictione,
1908 2576 2199 2648 grataque
2239 2574 2301 2626 et
2340 2584 2491 2626 con-

286 2668 472 2726 cinna
504 2665 837 2746 brevitate,
880 2666 1198 2748 bonaeque
1246 2665 1437 2749 frugis
1473 2664 1997 2727 observationibus
2027 2667 2204 2725 nitet.
2289 2664 2493 2742 Quam
2504 2671 2603 2730 Ed.
2620 2671 2681 2727 1..
2700 2669 2753 2728 Ι

292 2763 375 2826 cl.
404 2764 684 2848 opusculi
714 2766 955 2830 Auctor
979 2767 1045 2827 in
1072 2766 1194 2827 fine
1232 2767 1536 2849 promittit
1577 2765 2091 2845 dissertationem,
2138 2761 2310 2826 velut
2351 2762 2493 2825 alte-

300 2885 439 2926 ram
493 2869 819 2948 praesentis
880 2878 1144 2950 partem,
1185 2866 1264 2928 de
1312 2867 1694 2928 Constantini
1751 2865 1990 2948 scriptis
2054 2875 2115 2926 et
2154 2867 2219 2926 in
2262 2862 2496 2926 litteras

292 2967 537 3027 meritis
561 3012 583 3047 ,
639 2989 767 3030 eam
814 2970 885 3030 in
926 2970 1058 3030 eius
1098 2967 1335 3028 schedis
1385 2968 1656 3050 reperire
1695 2987 1823 3028 non
1859 2965 2034 3047 potui
2069 2963 2450 3026 elaboratam
2466 2985 2487 3026 ε

283 3077 677 3150 quapropter
708 3067 1010 3130 sarciendi
1074 3066 1345 3129 defectus
1401 3069 1599 3149 gratia
1656 3065 2046 3126 decreveram
2116 3061 2502 3146 particulam,

287 3188 450 3248 quae
488 3167 658 3230 idem
715 3178 1141 3252 argumentum
1181 3170 1547 3251 exsequitur,
1587 3186 1621 3228 e
1663 3164 1762 3225 Cl.
1805 3165 2085 3225 Fumea
2125 3161 2504 3224 Bibliotheca

286 3267 529 3328 Graeca
568 3280 868 3351 repetere.
966 3268 1088 3330 Sed
1139 3289 1333 3352 quum
1376 3268 1534 3329 liber
1572 3268 1639 3328 in
1679 3266 1955 3327 omnium
1983 3285 2168 3326 manu
2209 3265 2311 3342 sit,
2355 3265 2500 3324 satis

293 3378 389 3427 est
434 3367 583 3429 illuc
631 3370 886 3451 cupidos
931 3368 1231 3453 ablegare.
1313 3370 1550 3451 Repetii
1585 3379 1798 3429 tamen·
1831 3366 1974 3426 inde
2012 3367 2292 3426 notitiam
2320 3363 2504 3425 huius

297 3467 544 3529 Codicis
582 3468 665 3530 ab
692 3468 1105 3531 Uffenbachio
1129 3468 1462 3531 conditam.
1549 3469 1837 3551 Sequitur
1866 3465 1973 3527 illa
1997 3465 2326 3548 praemissa
2374 3466 2508 3545 ipse

294 3570 536 3650 primus
599 3569 1093 3631 Constantiniani
1135 3570 1377 3632 Codicis
1425 3567 1847 3632 cerimonialis
1905 3566 2086 3644 liber,
2128 3585 2272 3627 cum
2316 3565 2507 3624 inter-

299 3670 650 3750 pretatione
706 3671 978 3751 primum
1035 3670 1283 3754 quidem
1342 3668 1698 3747 Leichiana,
1761 3687 1919 3750 quae
1979 3686 2174 3748 usque
2233 3663 2313 3725 ad
2368 3683 2507 3747 pag.

303 3787 419 3829 221
474 3769 799 3851 procedit3
845 3769 1066 3832 deiude
1105 3792 1257 3832 vero
1297 3791 1433 3832 mea
1472 3790 1669 3851 usque
1710 3768 1789 3829 ad
1829 3769 2037 3828 finem.
2122 3761 2354 3826 Addidi
2379 3765 2513 3846 pri-

303 3887 405 3928 mo
459 3867 625 3929 libro
682 3869 859 3930 velut
900 3871 1299 3952 appendicem
1364 3868 1470 3930 illa
1508 3877 1834 3952 praecepta
1889 3864 2200 3943 militaria,
2248 3884 2406 3947 quae
2445 3862 2512 3923 in

302 3967 510 4030 codice
546 3981 771 4031 nostro
815 3973 1231 4054 manuscripto
1271 3972 1515 4030 initium
1555 3969 1834 4030 facientia
1874 3988 1987 4051 per
2025 3968 2254 4047 primas
2285 3962 2509 4044 viginti

300 4068 689 4132 membranas
758 4069 1191 4131 decurrebant.
1276 4068 1609 4131 Potueram
1648 4089 1784 4131 eam
1840 4063 2204 4151 particulam
2246 4059 2514 4123 secundo

294 4165 448 4236 lihm
491 4171 927 4253 subiungere5
975 4169 1079 4234 sad
1120 4169 1460 4236 cavendum
1515 4168 1670 4236 mihi
1710 4177 1841 4231 erat
1861 4212 1882 4252 ,
1941 4167 2020 4230 n‘e
2058 4162 2359 4249 posterius
2401 4178 2517 4224 vo·-
