3050 4900
300 38 363 105 οἶ
400 42 519 121 μὲν
556 34 1016 123 παριστάμενοι
1055 34 1285 111 πάντες
1321 32 1613 116 ἔπιπτον,
1655 30 1843 112 αὐτὸς
1885 37 1977 118 δὲ,
2016 33 2220 122 τρίτον
2261 42 2535 121 σφρα-ῐ)

297 142 481 221 γίσας
520 134 637 220 τὴν
677 133 896 216 πόλιν,
950 133 1160 199 ἐκίνει.
1242 133 1475 218 ἠρώτα
1518 135 1628 215 δὲ,
1673 126 1828 219 ἄχρι
1865 138 1977 199 τοῦ
2018 136 2491 219 συνοψισθῆναι

296 235 404 333 τὸν
442 233 642 316 λαόν,
701 231 810 298 διοὶ
852 236 1086 319 τριῶν,
1143 232 1411 297 ἐδείπνει
1452 233 1523 298 δὲ
1565 233 1674 297 διὰ
1718 232 1834 298 δύο
1898 231 2063 320 πλὴν
2106 236 2225 317 τῆςΙ
2262 238 2488 319 κυρια-

258 337 428 418 5κῆς.
515 328 805 418 ἀκίνητος
846 335 917 397 δὲ
978 329 1198 414 ἔμενεν
1236 333 1304 397 ἐν
1344 332 1506 420 αὐτῇ
1569 336 1647 418 τῇ
1709 329 1934 420 ἡμέρᾳ.
2036 331 2372 420 φθάνοντα
2418 336 2493 399 δὲ

306 432 494 499 αὐτὸν
533 430 689 517 πρὸς
726 430 831 497 τὸν
869 428 1064 513 λαὸν,
1106 428 1397 514 ὑπήντων
1437 427 1613 520 αὐτῷ
1656 429 1715 495 οἱ
1757 431 2181 517 προλαβόντες
2219 434 2329 516 τῆς
2369 433 2494 496 τά*

307 537 461 611 ξεως
521 531 631 596 καί
686 529 765 595 τοὶ
827 531 1116 614 τάγματα
1155 531 1264 594 ἐπὶ
1297 533 1385 619 τῷ
1426 523 1596 619 ἄκρῳ
1637 535 1752 596 τοῦ
1803 532 2156 617 α’πλήκτου,
2215 536 2324 597 καί
2377 553 2493 613 με-

310 630 394 698 τὰ
459 632 576 696 τοῦ
633 630 946 714 βασιλέως
996 625 1165 694 οὕτω
1230 629 1593 696 συνείποντο
1670 623 1824 717 ἄχρι
1877 632 1988 715 τῆς
2046 638 2338 716 κορτῖνος.
2425 633 2492 695 ἐν

308 732 477 818 αὐτῇ
516 732 587 795 δὲ
624 731 700 817 τῇ
740 729 945 818 ἡμέρᾳ
1000 726 1209 795 ἐκάλει
1248 726 1397 805 τούς
1458 721 1773 815 ἄρχοντας
1788 778 1808 812 ,
1867 728 1979 794 καὶ
2016 729 2228 794 ἐδίδου
2273 731 2488 805 αὐτοῖς
2503 747 2663 807 Εα,],,
2685 751 2780 811 261

235 825 727 912 ιοᾶποκόμβιον,
781 831 893 894 καί
923 831 1254 911 μαϊουμᾶν
1291 837 1422 905 τοῖς
1461 829 1897 915 στρατιώταις.
1942 832 2181 896 ἐκεῖθεν
2226 830 2295 895 δὲ
2335 829 2492 911 μετὰ

310 932 427 995 τοῦ
466 931 628 993 λαοῦ
666 930 957 994 κινοῦντα
1000 925 1106 993 τὸν
1146 932 1412 1011 βασιλέα
1453 927 1608 993 κατὰ
1654 927 1770 1013 τὴν
1813 927 1961 994 ὁδὸν
2000 932 2117 993 τοῦ
2155 929 2493 1011 ταξειδίου,

322 1027 582 1093 ἕκαστον
635 1029 810 1109 θέμα
863 1027 1109 1112 ὑπήντα
1167 1022 1341 1116 αὐτῷ
1395 1023 1558 1091 κατοὶ
1610 1024 1683 1091 τὸ
1745 1026 2090 1112 πλησιάζον
2143 1030 2335 1115 μέρος
2387 1031 2498 1112 τῆς

326 1122 483 1190 ὅδοῦ
502 1173 521 1206 ,
564 1125 668 1191 ἵνα
708 1123 797 1211 μὴ
840 1129 1028 1214 κοπιᾷ
1068 1125 1106 1191 ὅ
1147 1124 1336 1202 λαός·
1399 1128 1468 1190 ἐν
1511 1126 1583 1191 δὲ
1622 1130 1699 1215 τῇ
1741 1128 1901 1214 αὐτῇ
1938 1127 2180 1216 ἡμέρᾳ,
2226 1132 2374 1191 καθ’
2415 1126 2497 1211 ἢν

316 1225 571 1309 ἐδέχετο
632 1223 831 1290 αὕτὸν
886 1222 959 1290 τὸ
1013 1229 1220 1308 θέμα,
1271 1223 1499 1310 ,ἐκάλει
1553 1223 1702 1302 τούς
1759 1217 2072 1310 ἄρχοντας
2126 1226 2247 1290 τοῦ
2301 1226 2498 1290 αὐτοῦ

238 1326 627 1406 ἱδθέματος.
708 1319 820 1409 τὴν
861 1325 935 1389 δὲ
983 1325 1210 1409 χρείαν
1243 1327 1356 1409 τῆς
1393 1326 1721 1410 βασιλικῆς
1775 1320 2117 1410 ὑπηρεσίας
2134 1376 2155 1405 ,
2212 1327 2498 1389 τουτέστι

314 1422 577 1510 σφακτά
634 1446 701 1488 τε
756 1420 867 1488 καὶ
937 1416 1141 1511 οἰρνίοιΊ
1197 1422 1309 1488 καὶ
1368 1421 1449 1489 τοὶ
1506 1424 1774 1489 τοιαῦτα
1833 1422 1943 1488 καὶ
1980 1421 2052 1487 τὸ
2094 1426 2349 1507 ψωμίον
2386 1427 2516 1510 τῆς

314 1521 680 1607 φιλοτιμίας
739 1522 849 1587 καὶ
920 1519 1030 1588 τὸν
1073 1520 1293 1587 λοιπὸν
1329 1525 1656 1605 μαϊουμᾶν
1695 1522 1986 1609 ἐχορήγει
2027 1525 2286 1600 ἕκαστος
2325 1534 2546 1609 new-B

317 1619 687 1705 τονοτάριος
743 1623 813 1687 ἐν
865 1622 956 1709 τῷ
1010 1622 1149 1710 ἰδίῳ
1205 1623 1442 1703 θέματι
1499 1620 1906 1708 διερχόμενον
1958 1618 2068 1687 τὸν
2107 1624 2373 1704 βασιλέα
2416 1622 2488 1685 ἐκ

314 1722 433 1784 τοῦ
489 1720 705 1806 οἷερίου
759 1721 948 1804 λόγου
1008 1723 1118 1785 καί
1152 1722 1279 1786 τῶν
1319 1722 1629 1787 συνονῶν·
1711 1714 1756 1806 ἢ
1797 1717 1908 1785 καὶ
1942 1718 2029 1805 μὴ
2071 1718 2236 1804 ἔχων
2249 1771 2269 1801 ,
2333 1726 2498 1801 λαμ-

234 1820 533 1903 2(ὶβοὶνοον
588 1821 659 1885 ἐκ
712 1822 827 1884 τοῦ
887 1821 1158 1902 εἰδικοῦ,
1233 1814 1428 1896 αὖτός
1499 1819 1713 1910 διῴκει
1784 1822 2028 1903 ταῦτα,
2084 1819 2360 1904 μάλιστα
2394 1821 2499 1883 δὲ

2680 292 2705 303 .-

311 2020 463 2077 bant
506 2039 689 2081 omnes
736 2026 797 2077 in
830 2024 995 2077 litore
1028 2020 1300 2077 adstantes
1345 2022 1405 2075 in
1444 2039 1642 2094 genua,
1677 2026 1792 2092 ipse
1825 2027 2026 2088 autem,
2055 2023 2202 2077 Urbe
2235 2029 2320 2076 ter
2345 2024 2500 2094 signo

311 2093 499 2147 crucis
523 2096 761 2162 signata,
806 2093 1061 2147 movebat
1110 2103 1167 2147 et
1206 2093 1411 2154 abibat.
1483 2100 1549 2148 ln
1600 2096 1835 2159 itinere,
1890 2096 2064 2147 donee
2104 2095 2409 2164 appelleret
2440 2098 2499 2146 in

319 2172 502 2218 castra
557 2180 767 2233 suoque
796 2166 1060 2218 exercitui
1092 2169 1306 2219 veniret
1340 2167 1399 2217 in
1450 2172 1831 2235 conspectum,
1866 2165 2026 2217 trinis
2056 2164 2358 2235 prandebat
2389 2165 2502 2216 fer-

322 2235 490 2297 culis,
532 2233 797 2288 coenabat
825 2234 1004 2298 binis,
1049 2244 1428 2307 praeterquam
1474 2238 1566 2290 die
1611 2235 1914 2298 dominico,
1973 2252 2081 2305 quo
2133 2253 2349 2305 prorsus
2388 2251 2502 2286 nou

320 2301 612 2367 movebat,
648 2304 747 2357 sed
783 2304 1103 2358 considebat
1150 2309 1385 2377 quietus.
1459 2307 1785 2359 Advenienti
1815 2308 1872 2357 in
1917 2307 2212 2357 exereitum
2255 2322 2505 2357 occurre-

329 2374 475 2427 bant
505 2374 610 2443 ipsi
646 2377 706 2427 in
753 2384 990 2429 extremo
1033 2376 1324 2446 applicati,
1371 2396 1509 2448 quos
1555 2385 1681 2429 ante
1725 2391 1880 2427 suum
1922 2394 1988 2427 ex
2035 2376 2179 2428 Urbe
2225 2392 2503 2428 excessum

323 2462 513 2501 coram
552 2463 609 2498 se
645 2447 704 2499 in
732 2456 900 2499 castra
932 2448 1308 2519 praemiserat,
1348 2457 1460 2500 tam
1495 2448 1830 2519 praetoriani
1870 2447 2006 2499 sacri
2052 2447 2291 2517 corporis
2323 2455 2531 2499 custo-·

323 2517 453 2582 des,
501 2533 664 2585 quam
712 2518 959 2588 reliquae
992 2516 1269 2583 cohortes,
1309 2524 1366 2571 et
1404 2518 1877 2590 prosequebantur
1915 2533 2038 2569 eum
2075 2534 2249 2587 usque
2292 2518 2361 2569 ad
2390 2533 2507 2568 cor«-

318 2591 406 2641 tin
453 2604 555 2640 seu
594 2592 930 2658 praetorium
971 2589 1059 2639 vel
1094 2590 1391 2641 tentorium
1430 2596 1732 2660 augustum.
1803 2590 1880 2640 Eo
1917 2588 2038 2651 die,
2084 2606 2192 2657 quo
2225 2587 2293 2639 ad
2333 2596 2507 2640 castra

321 2655 672 2729 applicabat,
714 2657 946 2712 iubebat
996 2657 1157 2710 duces
1205 2660 1467 2712 militares
1513 2677 1696 2711 seeum
1738 2660 1982 2728 epulari,
2038 2665 2095 2709 et
2140 2656 2508 2710 distribuebat

324 2730 459 2798 ipsis
512 2727 871 2797 apocombia‚
921 2727 1193 2780 militibus
1230 2739 1413 2783 autem
1454 2729 1616 2782 dabat
1661 2731 1949 2781 maiumam
1996 2746 2090 2781 seu
2135 2729 2504 2781 refectionem.

323 2799 499 2852 Illinc
526 2803 770 2853 moventi
805 2817 928 2852 cum
970 2799 1216 2851 exercitu
1258 2802 1579 2870 Imperatori
1632 2818 1695 2853 ea
1746 2803 1834 2852 via
1856 2839 1873 2864 ,
1927 2815 2090 2870 quam
2140 2797 2376 2853 ducebat
2408 2817 2506 2853 ex·-

328 2869 636 2939 peditionis
668 2869 999 2933 destinatio,
1055 2871 1369 2923 occurrebat
1391 2870 1822 2941 unumquodque
1863 2870 2044 2923 thema
2093 2888 2188 2922 seu
2217 2885 2503 2940 unaquaed

333 2955 444 3006 que
486 2940 631 3006 legio
672 2941 1024 3010 provincialis
1064 2941 1123 2992 in
1163 2941 1283 2993 loco
1332 2941 1399 2995 ad
1432 2942 1613 3005 viam,
1662 2959 1769 3012 qua
1813 2939 2174 3004 transibatur,
2219 2944 2502 3012 proxim03

331 3023 407 3059 ne
460 3010 672 3061 scilicet
720 3012 923 3065 milites
977 3011 1046 3063 ab
1104 3010 1360 3082 imposita
1403 3015 1727 3066 necessitate
1775 3029 1806 3064 e
1844 3013 1935 3064 lon
1975 3014 2144 3080 inquo
2186 3009 2509 3065 occurrendi

332 3077 711 3146 fagitarentur.
783 3084 860 3134 Eo
900 3089 1083 3135 autem
1127 3080 1254 3146 die,
1302 3101 1410 3154 quo
1447 3101 1617 3136 unum
1654 3083 1726 3135 ali
1769 3083 1882 3135 uod
1930 3091 1954 3133 t
1995 3098 2110 3134 ema
2148 3084 2327 3151 ipsum
2356 3084 2508 3136 exci-

332 3147 535 3217 piebat
585 3155 643 3200 et
686 3151 754 3201 ad
810 3153 988 3222 ipsum
1039 3152 1379 3221 appellebat,
1435 3154 1704 3207 invitabat
1781 3161 2051 3220 inperator
2091 3153 2208 3206 eius
2250 3153 2508 3207 thematis

334 3225 579 3270 rectores
612 3217 681 3270 ad
710 3221 922 3291 epulas;
962 3221 1163 3294 quibus
1199 3226 1532 3288 necessaria,
1586 3231 1650 3276 ut
1688 3224 1996 3293 caprinam,
2034 3226 2284 3293 agninam
2331 3233 2389 3277 et
2429 3227 2510 3278 si-

333 3288 498 3340 milia
524 3326 540 3351 ,
590 3288 722 3341 item
779 3291 1048 3345 bucellam
1093 3294 1493 3363 largitionalem
1539 3295 1920 3365 reliquumque
1957 3297 2247 3346 maiumam
2291 3312 2385 3347 seu
2420 3307 2511 3347 re-

334 3359 674 3410 creationem
710 3364 1124 3432 suppeditabat3
1171 3365 1474 3418 identidem
1518 3368 1920 3435 protonotarius
1953 3365 2216 3435 cuiusque
2252 3363 2510 3417 thematis

330 3429 645 3481 transeunti
691 3431 1009 3500 Imperatori
1042 3454 1106 3488 ex
1147 3434 1414 3489 reditibus
1466 3437 1606 3490 aerii
1643 3438 1780 3504 [seu
1821 3434 2017 3489 tributi
2062 3435 2510 3498 extraordinarii,

331 3498 491 3569 quod
527 3517 631 3570 pro
662 3505 936 3555 communi
966 3506 1120 3557 vitali
1148 3523 1278 3560 aura
1300 3545 1316 3570 ,
1355 3524 1519 3577 quam
1546 3506 1823 3559 haurimus
1847 3546 1863 3570 ‚
1910 3506 2138 3560 solvitur
2159 3499 2205 3576 ,1
2244 3506 2331 3557 vel
2360 3513 2417 3558 et
2442 3520 2511 3556 ex

328 3572 561 3638 synonis
593 3587 686 3622 seu
711 3574 1167 3641 praestationibus
1198 3583 1254 3628 et
1268 3575 1712 3630 convectionibus
1746 3579 2046 3647 specierum
2072 3579 2511 3639 annonariarum3

332 3647 434 3693 aut
458 3642 508 3694 si
537 3655 652 3695 non
687 3640 936 3710 haberet,
972 3647 1120 3700 unde
1159 3655 1399 3701 sumeret
1436 3665 1685 3701 nummos
1720 3649 1981 3719 impensis
2011 3646 2275 3699 faciendis
2318 3656 2509 3699 neees-
