3050 4900
552 232 763 293 xxlv
1271 224 1385 288 10.
1447 222 1608 289 IAC.
1673 223 1974 289 REISKII

554 392 794 464 patrem
847 376 1022 441 obiit.
1120 373 1294 437 Idem
1341 374 1608 459 appellat
1671 375 1933 437 eundem
1996 379 2450 461 Imperatorem
2517 400 2740 462 εαυτῆς

555 503 679 563 quo
721 480 1015 562 significat
1055 470 1346 537 Basilium
1366 521 1384 557 ‚
1426 497 1550 558 quo
1591 488 1866 559 tempore
1903 479 2019 537 ista
2062 477 2252 538 verba
2296 479 2693 541 exarabantur
2718 527 2743 563 ‚

556 580 756 641 adbuc
799 581 865 641 in
909 579 1064 639 vivis
1107 587 1167 637 et
1209 579 1274 636 in
1319 597 1558 637 summa
1599 598 1805 638 rerum
1845 587 2140 659 potestate
2187 577 2392 639 fuisse.
2436 580 2749 663 Significat

555 703 802 766 quoque
842 701 907 740 se
944 681 1146 760 ipsum
1186 675 1277 736 illi
1327 676 1690 759 expeditioni
1734 676 2098 737 interfuisse.
2205 677 2537 739 Perhibent
2577 681 2742 741 idem

553 781 633 843 de
677 781 1102 858 ConstantinO,
1143 775 1349 837 Basilii
1405 776 1555 851 filio,
1601 797 1727 838 non
1766 787 2006 837 tantum
2041 776 2354 838 Cennmws
2397 790 2456 839 et
2493 780 2742 841 Smssou

553 882 874 944 Msmsrna
895 925 914 959 ‚
956 878 1062 943 sed
1104 880 1285 937 etiam
1313 877 1638 960 Appendix
1677 879 1869 938 nostri
1895 876 2079 938 huius
2118 882 2346 960 operis,
2383 877 2519 941 loco
2556 902 2744 963 quem

553 980 763 1066 paullo
795 990 937 1043 ante
975 977 1343 1047 indicabam.
1437 978 1648 1056 Quum
1689 980 1894 1060 itaque
1934 979 2367 1039 Constantinus
2409 977 2513 1040 ille
2551 979 2746 1043 altero
2789 1022 2802 1041 .

553 1092 697 1166 post
734 1083 916 1143 istam
955 1076 1399 1161 expeditionem
1443 1098 1606 1138 anno
1628 1076 1751 1138 tato
1791 1099 1903 1139 suo
1929 1080 2309 1155 concesserit,
2351 1099 2594 1141 necesse
2627 1090 2747 1161 est,
2783 1140 2792 1155 ,

273 1181 807 1245 neth-nt'l'actica
845 1176 953 1241 illa
994 1177 1179 1239 fiiisse
1217 1180 1381 1237 intra
1441 1198 1634 1238 annos
1677 1177 1828 1239 Chr.
1870 1176 1993 1262 878
2035 1188 2096 1239 et
2135 1176 2259 1261 879
2314 1181 2576 1261 scripta,
2619 1202 2748 1264 quo

551 1293 831 1365 tempore
859 1280 1124 1340 auctoris
1150 1276 1360 1357 frater,
1388 1277 1515 1339 Leo
1547 1279 1809 1359 sapiens,
1840 1277 2218 1339 Constantini
2237 1281 2521 1362 sapientis
2546 1291 2748 1365 pater,

551 1378 831 1444 nondum
874 1399 1126 1441 uxorem
1164 1376 1431 1439 duxisset
1448 1420 1469 1458 ,
1515 1378 1737 1461 viginti
1776 1398 1878 1439 sex
1921 1377 2108 1441 ferme
2140 1380 2314 1440 annis
2353 1389 2518 1459 ante,
2560 1400 2754 1464 quam.

554 1479 661 1544 ille
719 1478 1154 1543 Constantinus
1207 1478 1273 1538 in
1333 1476 1535 1540 lucem
1559 1477 1869 1540 xederetur
1886 1521 1908 1559 ‚
1974 1480 2075 1538 cui
2122 1476 2309 1561 vulgo
2367 1478 2752 1543 tribuuntur.

722 1578 812 1643 At
850 1578 1004 1662 quid
1041 1581 1132 1641 ais
1169 1578 1251 1640 de
1290 1576 1474 1641 loco?
1514 1580 1834 1662 (repugnet
1873 1576 2147 1660 aliquis),
2189 1581 2299 1661 qui
2339 1580 2406 1639 in
2445 1578 2566 1642 fine
2605 1578 2754 1642 illo-

557 1698 703 1745 rum
741 1681 1143 1765 ipsorummet
1180 1679 1574 1740 Tacticorum
1593 1722 1613 1757 ,
1652 1697 1780 1739 non
1821 1698 1894 1739 eo
1935 1679 2043 1760 qui
2082 1677 2232 1739 olim
2272 1678 2387 1741 fuit
2404 1723 2425 1760 ‚
2496 1680 2604 1742 sed
2643 1681 2758 1765 qui

558 1779 748 1846 hodie
784 1762 852 1842 in
889 1778 1107 1841 mutila
1147 1776 1413 1840 editione
1453 1778 1804 1840 Meursiana
1844 1788 1936 1840 est
1955 1822 1974 1858 ‚
2013 1799 2158 1860 pag.
2202 1768 2307 1858 52,¹
2349 1781 2416 1841 in
2456 1801 2581 1863 quo
2621 1802 2757 1845 me-

560 1889 839 1944 moratur
878 1876 1098 1962 aliquis
1134 1878 1536 1960 Nicephoms
1555 1921 1583 1950 ,
1647 1898 1831 1960 quem
1851 1922 1871 1957 ,
1912 1879 2021 1959 qui
2061 1898 2132 1939 ea
2172 1880 2448 1962 scripsit,
2488 1880 2760 1965 appellat

561 1978 789 2042 ducem
829 1999 1038 2053 suum,
1080 1988 1143 2041 et
1181 1997 1230 2040 a
1268 1998 1335 2039 se
1378 1978 1633 2040 missum
1678 1978 1750 2039 in
1787 1975 2051 2056 Syriam
2091 1978 2444 2061 ingentibus
2485 1984 2572 2043 ait
2611 1982 2760 2048 cla-

560 2075 752 2141 dibus
803 2076 1171 2141 Saracenos
1237 2076 1562 2162 affecisse.
1663 2077 1738 2139 In
1790 2080 2096 2140 neminem
2152 2080 2219 2142 id
2279 2080 2495 2144 cadere
2555 2093 2760 2166 potest

563 2200 753 2261 quam
794 2180 861 2239 in
890 2177 1066 2238 illum
1105 2179 1331 2259 ipsum,
1371 2179 1544 2238 cuius
1573 2179 1640 2237 in
1681 2178 2098 2260 superioribus
2138 2184 2549 2261 meminimus,
2574 2183 2760 2245 Nice-

561 2279 828 2363 phorum
870 2277 1147 2339 Phocam
1174 2323 1193 2357 ,
1236 2280 1342 2360 qui
1385 2276 1533 2338 olim
1574 2276 1695 2338 dux
1718 2323 1736 2358 ,
1780 2299 1886 2338 seu
1946 2278 2309 2342 domesticus
2362 2282 2710 2351 scholarum
2734 2329 2757 2364 ‚

568 2378 949 2439 Constantini
991 2380 1275 2462 sapientis
1295 2421 1314 2458 ‚
1359 2389 1418 2438 et
1458 2377 1610 2456 filii,
1652 2379 1955 2461 Romani,
1998 2379 2217 2442 deinde
2255 2393 2394 2465 post
2433 2382 2614 2445 huius
2654 2406 2760 2446 ex-

568 2500 807 2540 cessum
868 2477 1162 2539 orientale
1224 2480 1428 2561 rapuit
1487 2481 1838 2562 imperium.
1947 2479 2141 2563 Atqui
2206 2483 2587 2566 Nicephorus
2656 2484 2760 2547 ille

567 2578 846 2639 nondum
887 2580 953 2639 in
991 2580 1150 2640 vivis
1189 2589 1323 2639 tum
1366 2590 1496 2639 erat
1517 2625 1536 2660 ,
1599 2601 1792 2661 quum
1830 2580 2261 2643 Constantinus
2279 2628 2298 2664 ‚
2356 2583 2561 2646 Basilii
2619 2586 2757 2646 Ma-

569 2678 816 2740 cedonis
844 2678 1002 2739 filius
1017 2724 1035 2759 ,
1077 2681 1237 2740 vivis
1279 2679 1612 2740 excederet.

733 2778 1021 2841 Arduum
1082 2801 1342 2862 agnosco
1369 2825 1389 2860 ,
1456 2780 1564 2840 sed
1618 2802 1879 2864 aequum
1943 2804 2070 2844 esse
2095 2828 2115 2862 ‚
2177 2783 2345 2867 quod
2401 2787 2757 2869 opponitur.

571 2878 883 2958 Quaeram
922 2879 1129 2940 tamen
1169 2900 1240 2940 ex
1280 2878 1386 2940 illo
1432 2882 1565 2962 ipso
1607 2892 1967 2963 argumento
2008 2885 2271 2966 speciem
2313 2896 2376 2946 et
2435 2885 2627 2946 robur
2665 2884 2757 2947 illi

567 2980 901 3040 sententiae
965 2981 1332 3064 posteriori,
1388 2980 1468 3040 ad
1523 3002 1710 3064 quam
1766 3003 1951 3064 supra
2005 2983 2127 3045 dixi
2185 3005 2285 3045 me
2325 2987 2517 3067 magis
2557 2987 2766 3046 animo

568 3079 977 3162 propendere,
1020 3090 1083 3140 et
1121 3101 1278 3164 quae
1321 3082 1556 3162 statuit,
1600 3082 2068 3144 Constantinum
2108 3084 2353 3166 quidem
2378 3084 2726 3167 Sapientem
2741 3130 2764 3162 ,

571 3177 798 3239 Leonis
838 3179 1031 3241 fllium
1052 3225 1071 3258 ‚
1112 3180 1375 3241 Romani
1414 3191 1652 3262 patrem
1677 3227 1697 3262 ,
1741 3180 1958 3263 huius,
2006 3184 2172 3267 quod
2213 3205 2375 3244 nunc
2417 3184 2559 3266 ed0‚
2606 3187 2767 3246 ceri-

572 3277 856 3339 monialis
895 3277 1038 3340 libri
1080 3291 1389 3340 auctorem
1432 3271 1586 3360 esse{
1628 3283 1863 3344 venisse
1902 3293 2105 3343 autem
2144 3304 2432 3366 processu
2470 3286 2766 3368 temporis

575 3375 864 3461 aliquem,
905 3380 1011 3461 qui
1053 3382 1222 3462 operi
1262 3378 1352 3440 illi
1393 3379 1470 3439 de
1511 3402 1622 3442 suo
1649 3382 1947 3463 quaedam
1988 3381 2313 3462 addiderit3
2356 3387 2464 3468 qui
2505 3384 2767 3447 fueritne

570 3477 1004 3539 Constantinus
1031 3499 1219 3560 nepos
1241 3523 1259 3556 ‚
1302 3475 1382 3539 an
1423 3478 1605 3560 alius,
1653 3484 1716 3542 in
1745 3483 1950 3543 medio
1980 3485 2244 3564 positum
2275 3482 2577 3568 relinquO.
2623 3483 2768 3546 Non

569 3575 988 3658 improbabilis
1039 3590 1270 3658 tamen,
1313 3578 1464 3639 mihi
1518 3579 1791 3664 quidem,
1833 3582 2101 3663 videtur,
2140 3585 2191 3644 si
2248 3586 2385 3666 quis
2442 3585 2764 3661 existimet,

568 3674 639 3736 id
698 3675 860 3737 idem
912 3676 1191 3739 licentiae
1262 3691 1547 3760 nepotem
1605 3682 1719 3742 sibi
1778 3684 1844 3744 in
1884 3683 1986 3744 avi
2026 3704 2180 3765 opus
2219 3704 2555 3765 arrogasse,
2597 3682 2768 3765 quod

574 3795 728 3835 avus
771 3778 836 3835 in
878 3780 1082 3858 patrui
1121 3799 1273 3861 opus
1316 3780 1428 3839 sibi
1473 3794 1887 3864 arrogaverat.
1992 3784 2229 3845 Eorum
2290 3781 2393 3843 ille
2449 3803 2581 3844 mos
2637 3794 2771 3845 erat

576 3883 949 3956 temporum,
990 3898 1116 3938 non
1157 3876 1479 3940 laudabilis
1510 3881 1784 3962 quidem,
1826 3886 2029 3943 minus
2053 3895 2258 3944 tamen
2279 3881 2767 3962 malevolentiae,

577 3994 764 4058 quam
804 3975 1201 4059 simplicitatis
1242 3989 1302 4038 et
1360 3981 1631 4041 inscitiae
1670 3980 1871 4042 index.
1962 3983 2253 4046 Nondum
2291 3980 2593 4045 callebant
2633 4005 2770 4044 eam

580 4084 799 4159 utem,
859 4088 1402 4148 commentatorum
1461 4081 2013 4148 animadversiones
2072 4082 2151 4144 ab
2194 4094 2512 4152 auetomm
2567 4082 2772 4146 vet-lis
