3050 4900
535 250 703 338 550
946 278 1490 347 coNs‘rAnnm
1546 278 2277 350 PORPHYROGENm

528 434 799 521 Δάφνης
838 437 959 500 τοῦ
1011 430 1196 520 άγίου
1260 435 1591 523 Στεφάνου
1633 434 1746 502 καὶ
1788 437 2164 526 διαιταρίων
2202 437 2325 504 τοῦ
2368 439 2713 521 παλατίου,

525 537 781 598 πάντων
835 532 1065 621 κηροὺς
1118 532 1605 618 βασταζόντων,
1662 538 1979 621 διέρχεται
2020 535 2127 603 διά
2168 561 2239 601 τε
2278 540 2395 603 τοῦ
2446 533 2718 622 ἧλιακοῦ

526 631 640 699 καί
672 634 790 698 τοῦ
829 635 1380 720 χρυσοτρικλίνου,
1427 633 1541 699 καὶ
1576 633 1966 720 ἀπαγόμενος
1989 638 2356 720 προτίθεται
2387 636 2478 712 εἰς
2518 660 2717 723 προσ-

525 729 783 817 κύνησιν
840 733 1044 819 πάσης
1104 735 1216 819 τῆς
1272 732 1631 818 συγκλήτου
1691 736 1761 799 έν
1818 736 1907 822 τῷ
1965 737 2291 823 λαυσιακῷ
2331 737 2400 800 έν
2438 737 2529 825 τῷ
2569 730 2715 822 (ἶρι-

457 888 462 895 .
522 836 724 923 στερῷ
761 833 946 919 μέρει
983 831 1107 919 πρὸ
1166 836 1280 919 τῆς
1319 833 1523 918 πύλης
1565 837 1683 899 τοῦ
1752 827 2084 921 εὕκτηρίου
2126 835 2239 899 τοῦ
2279 834 2463 918 ἁγίου
2504 839 2753 906 Bam-5

523 934 737 1014 λείου,
781 936 890 998 καί
926 929 1093 1016 μετά
1135 930 1253 1018 τὴν
1291 929 1723 1020 προσκύνησιν
1750 930 1941 999 πάλιν
1974 932 2357 1017 βαστάζεται
2397 933 2571 1020 παρὰ
2595 937 2712 1001 τοῦ

524 1037 768 1098 παπίου
790 1080 809 1114 ,
872 1029 1157 1119 δηλονότι
1216 1026 1667 1116 ὄψικευόμενος
1711 1032 1839 1098 ὑπὸ
1880 1032 2007 1099 τῶν
2044 1035 2548 1120 προειρημένων,
2604 1036 2715 1100 καὶ

458 1131 903 1204 Βάποτίθεται
952 1133 1022 1199 ἐν
1073 1136 1165 1222 τῷ
1210 1134 1495 1223 παλατίῳ
1557 1134 1672 1218 τῆς
1710 1133 1975 1221 Δάφνης
2061 1135 2134 1200 ἐν
2183 1135 2272 1222 τῷ
2306 1136 2439 1222 ναῷ
2476 1137 2597 1199 τοῦ
2633 1133 2714 1199 ἆυ

519 1235 662 1319 γίου
719 1234 1252 1320 πρωτομάρτυρος
1309 1230 1664 1319 Στεφάνου.
1747 1232 1860 1300 καὶ
1894 1236 1976 1321 τῇ
2037 1234 2304 1322 δευτέρᾳ
2356 1236 2473 1319 τῆς
2514 1233 2711 1321 αὐτῆς

521 1328 876 1417 ἑβδομάδος
912 1331 1074 1416 μετά
1119 1330 1193 1397 τό
1236 1332 1539 1418 γενέσθαι
1576 1330 1807 1415 μίνσας
1846 1333 2173 1419 ἐξέρχεται
2212 1330 2247 1397 ὅ
2285 1337 2560 1416 παπίας,
2601 1336 2712 1400 καί
2718 1356 2792 1399 ιο

524 1429 695 1520 αἴρει
733 1428 847 1499 τόν
910 1428 1189 1520 σταυρόν
1229 1426 1359 1498 άπὸ
1397 1434 1515 1499 τοῦ·
1579 1431 1764 1517 άγίου
1808 1432 2175 1519 Στεφάνου,
2234 1434 2346 1496 καί
2395 1432 2711 1520 ἀποφέρει

520 1528 717 1598 αὐτόν
757 1533 827 1597 ἐν
865 1533 946 1620 τῇ
982 1531 1222 1620 μεγάλῃ
1278 1533 1574 1622 ἐκκλησίᾳ
1629 1532 1743 1618 τῆς
1801 1527 1987 1617 ἁγίας
2041 1532 2304 1618 Σοφίας.
2385 1530 2421 1596 ὅ
2466 1534 2538 1597 δὲ
2578 1535 2715 1597 ἓτε-

519 1655 629 1718 ρος
668 1628 943 1718 σταυρὸς
983 1634 1357 1713 έναπομένει
1397 1631 1467 1695 ἐν
1503 1633 1593 1720 τῷ
1634 1628 1785 1720 ἱερῷ
1832 1632 2138 1720 παλατίῳ.
2222 1631 2446 1713 ἰστέον,
2492 1626 2590 1695 ὅτι
2632 1638 2711 1719 τῇ

516 1734 890 1818 παρασκευῇ
926 1733 1041 1815 τῆς
1080 1725 1282 1816 αὐτῆς
1326 1733 1527 1816 μέσης
1583 1725 1940 1814 ἑβδομάδος
1978 1732 2093 1814 τῆς
2154 1727 2345 1814 οἷγίας
2394 1754 2715 1817 τεσσαρα-

222 1832 745 1915 salamancam&
781 1826 942 1912 μετὰ
980 1827 1096 1915 τὴν
1152 1825 1462 1895 ἀπόλυσιν
1515 1829 1629 1915 τῆς
1669 1826 1889 1915 ἐνάτης
1948 1825 2185 1912 εἰσάγει
2230 1827 2265 1893 ὅ
2308 1831 2550 1905 παπίας
2592 1827 2782 1900 τὸνιὸ

520 1933 728 2013 τίμιον
767 1925 1049 2014 σταυρόν
1087 1931 1155 1994 έν
1194 1930 1284 2018 τῷ
1311 1925 1460 2017 ἱερῷ
1499 1927 1804 2017 παλατίῳ.
1890 1925 2128 2010 ὅμοίως
2166 1930 2278 1993 καί
2299 1925 2361 1994 οἱ
2401 1930 2515 2013 τῆς
2554 1930 2701 2005 νέας

520 2027 805 2114 κληρεκοί
866 2026 1223 2112 εἰσάγουσιν
1275 2027 1390 2093 καί
1461 2023 1653 2093 αὐτοὶ
1704 2030 1782 2115 τῇ
1837 2022 2005 2115 αὐτῇ
2058 2027 2267 2119 ἡμέρᾳ
2321 2025 2430 2094 τὸν
2493 2029 2703 2114 ἕτερον

516 2127 802 2215 σταυρὸν
838 2125 1003 2210 μετά
1043 2126 1160 2212 τήν
1189 2128 1502 2194 α’πόλυσιν
1541 2132 1655 2213 τῆς
1694 2127 1935 2212 ἐνάτης.
2017 2129 2129 2191 καί
2164 2129 2246 2214 τῇ
2284 2128 2553 2215 κυριακῇ
2591 2151 2703 2210 με-

517 2224 601 2293 τά
639 2225 860 2313 τρίτην
899 2224 1024 2293 εἴτε
1064 2226 1175 2292 καί
1217 2230 1395 2314 ἕκτην
1437 2225 1607 2319 ᾠδὴν
1666 2230 1785 2291 τοῦ
1827 2220 2068 2314 ὄρθρου
2109 2221 2234 2290 timi
2294 2229 2414 2291 τοῦ
2452 2250 2701 2310 πρωτο-

519 2327 704 2395 πάπα
755 2324 867 2391 καὶ
913 2330 1032 2395 τοῦ
1088 2329 1558 2415 σκευοφύλακος
1613 2324 2076 2411 ἐκμασσόμενοι
2126 2329 2567 2391 κατατίθενται
2626 2326 2782 2394 &rao

518 2428 608 2517 seii
647 2421 817 2518 αὖτῷ
855 2426 1354 2519 σκευοφυλακίῳ.

521 2682 648 2735 dem
688 2683 804 2751 ipsa
835 2698 975 2735 nova
1012 2681 1261 2737 ecelesia.
1344 2682 1528 2737 Altera
1562 2697 1689 2737 vero
1729 2683 1944 2737 sublata
1983 2700 2016 2735 a
2048 2682 2217 2753 papia
2250 2680 2427 2751 magni
2464 2679 2692 2751 palatii,

521 2756 620 2824 qui
665 2754 1088 2823 scaramangium
1137 2763 1195 2807 et
1229 2771 1412 2824 sagum
1449 2771 1781 2825 purpureum
1829 2770 2053 2824 corpore
2100 2755 2271 2823 gerit,
2321 2762 2380 2806 et
2429 2756 2626 2823 stipata
2661 2768 2694 2803 a

521 2825 667 2876 ciero
700 2824 947 2906 palatino
983 2832 1042 2877 et
1079 2842 1109 2876 a
1144 2833 1447 2907 protopapa
1502 2826 1555 2878 S.
1608 2825 1875 2896 Stephani
1916 2822 2174 2893 Daphnes
2241 2831 2298 2875 et
2348 2840 2380 2874 a
2417 2822 2696 2876 diaetariis

515 2893 716 2965 palatis
738 2923 768 2956 ,ι
789 2893 1046 2947 omnibus
1081 2895 1193 2947 illu
1231 2913 1416 2948 cereos
1448 2896 1817 2965 gestantibus,
1851 2903 2096 2964 permeat
2127 2911 2227 2965 per
2260 2891 2536 2946 heliaeum
2576 2891 2696 2967 [seu

518 2961 802 3036 solarium]
844 2974 903 3018 et
926 2964 1429 3033 chryson-infinum,
1466 2974 1523 3019 et
1558 2967 1714 3019 illine
1750 2982 1911 3035 porro
1952 2965 2133 3017 ablata
2170 2964 2463 3035 exponitur
2496 2963 2694 3015 adora·-

517 3036 663 3088 tioni
695 3038 868 3087 totius
917 3044 1136 3089 senatus
1176 3038 1236 3089 in
1287 3036 1529 3089 lausiaco
1564 3034 1631 3087 ad
1673 3036 1979 3099 sinistram,
2031 3052 2209 3088 coram
2262 3043 2418 3103 porta
2465 3034 2695 3087 eucterii

521 3103 631 3179 [vel
666 3102 876 3178 sacelli]
916 3107 974 3159 S.
1005 3107 1209 3158 Basilii.
1283 3108 1388 3159 Ubi
1423 3114 1713 3178 postquam
1763 3109 1893 3159 satis
1933 3106 2149 3161 adorata
2185 3105 2384 3170 suerit,
2435 3107 2699 3157 auffertur

513 3192 698 3229 rursus
736 3192 766 3227 a
803 3177 969 3247 papia
1013 3178 1074 3230 in
1114 3176 1304 3229 eodem
1342 3179 1603 3231 comitatu
1628 3216 1644 3242 ‚
1677 3185 1734 3230 et
1768 3177 2061 3247 exponitur
2097 3178 2157 3228 in
2189 3175 2396 3247 palatio
2433 3174 2694 3245 Daphnes

516 3246 580 3298 in
615 3247 855 3313 templo,
894 3246 1044 3318 quod
1080 3247 1158 3299 ibi
1198 3257 1318 3312 est,
1365 3249 1416 3300 S.
1453 3251 1865 3318 protomartyris
1902 3246 2199 3317 Stephani,
2248 3243 2422 3319 [illius
2458 3261 2695 3314 nempe,

557 3318 614 3368 ui
647 3316 853 3383 primus
888 3325 1182 3385 martyrum
1221 3320 1468 3371 omnium
1504 3336 1813 3388 supremum
1851 3318 2181 3402 supplicium
2215 3313 2431 3390 subiit]
2502 3316 2691 3368 Altero

514 3333 609 3442 gie
646 3385 891 3438 eiusdem
926 3390 1263 3456 septimanae
1298 3398 1425 3460 post
1459 3391 1628 3441 saetas
1663 3391 1852 3443 missas
1889 3395 2005 3441 exit
2056 3393 2248 3459 papias
2284 3394 2340 3439 et
2375 3385 2527 3441 tollit
2573 3402 2691 3439 eam

513 3473 731 3509 crucem
781 3474 813 3509 e
854 3457 906 3509 S.
946 3457 1259 3529 Stephano,
1293 3467 1352 3512 et
1385 3460 1599 3531 profert
1632 3477 1751 3513 eam
1789 3462 1847 3511 in
1884 3476 2129 3529 magnam
2176 3457 2459 3511 ecclesiam
2498 3455 2550 3508 S.
2584 3456 2692 3509 So-

508 3527 694 3599 phiae.
767 3527 955 3580 Tertia
988 3545 1184 3600 nempe
1222 3548 1349 3584 crux
1387 3548 1417 3583 e
1469 3546 1620 3583 sacro
1668 3532 1874 3602 palatio
1923 3547 2036 3582 non
2090 3532 2327 3582 effertur.
2400 3529 2692 3580 parasceue

512 3605 698 3652 autem
732 3614 829 3650 seu
867 3606 1019 3651 sexta
1054 3597 1191 3652 seria
1227 3601 1473 3654 eiusdem
1511 3602 1726 3655 mediae
1760 3602 1820 3652 in
1854 3607 2040 3652 sancta
2065 3598 2477 3671 quadragesima
2511 3597 2691 3667 septi-

510 3684 705 3724 manae
727 3705 743 3732 ,
799 3677 926 3739 post
961 3668 1364 3725 absolutionem
1403 3689 1579 3725 nonae
1601 3712 1617 3737 ,
1657 3671 1816 3748 [odae
1851 3671 2061 3723 scilicet
2097 3671 2256 3723 officii
2295 3670 2438 3721 eirca
2484 3684 2689 3720 nonam

510 3738 700 3792 horam
736 3740 941 3792 cantari
976 3741 1125 3793 soliti
1143 3739 1181 3815 ,]
1222 3744 1391 3796 insert
1438 3761 1619 3796 rursus
1661 3745 1847 3815 papias
1888 3750 2124 3794 sanctam
2158 3741 2392 3795 Crucem
2431 3755 2461 3790 e
2500 3739 2551 3791 S.
2592 3739 2691 3790 So-

510 3809 645 3880 phia
682 3813 744 3861 in
792 3827 999 3863 sacrum
1049 3814 1330 3881 palatium.
1416 3814 1684 3871 Similiter
1739 3829 1958 3885 quoque
2014 3828 2151 3864 neae
2202 3811 2389 3863 clerici
2442 3808 2690 3861 inferunt

510 3896 694 3931 rursus
746 3881 972 3933 alteram
1033 3898 1244 3937 crucem
1312 3901 1341 3937 e
1394 3902 1490 3938 sua
1543 3886 1769 3937 ecclesia
1823 3882 2014 3936 eodem
2052 3882 2143 3934 die
2205 3888 2371 3952 atque
2420 3886 2684 3949 tempore.

503 3950 753 4003 Proxima
789 3959 970 4004 autem
1004 3951 1281 4007 dominica
1319 3956 1462 4008 intra
1499 3959 1717 4009 tertiam
1757 3962 1813 4008 et
1856 3961 2060 4006 sextam
2096 3952 2254 4008 odam
2291 3948 2465 4003 orthri
2524 3966 2687 4018 repo-

504 4029 715 4076 nuntur
750 4040 933 4077 rursus
987 4039 1172 4077 cruces
1209 4042 1241 4077 a
1288 4034 1593 4097 protopapa
1634 4035 1692 4079 et
1740 4023 2136 4093 sceuophylace
2192 4024 2252 4075 in
2298 4021 2524 4083 eodem,
2574 4035 2687 4090 quo

500 4092 655 4161 prius
690 4099 991 4152 asservatae
1029 4094 1283 4162 fuerant,
1330 4097 1660 4152 custodiat-io
1708 4112 1990 4161 vasorum,
2034 4095 2188 4167 prius
2224 4092 2368 4148 bene
2401 4091 2686 4166 probeque

503 4169 764 4219 extersae.
