3050 4900
591 317 769 431 706
1000 320 1544 409 cossrmrm
1603 342 2343 412 ronpnmocmm

502 511 509 522 '
584 504 802 581 τυχεῖν
837 496 949 581 τῆς
987 496 1200 562 αὕτοῖν
1241 496 1641 581 ἀντιλήψεως
1685 488 1805 582 ἤδη
1848 500 2445 586 προευτρεπίζονται
2487 499 2612 566 ὖπό
2660 504 2787 567 τοῦ

584 600 959 682 τεταγμένου
1000 598 1351 680 βασιλικῶν
1393 602 1975 685 πρωτοσπαθαρίου
2016 596 2138 678 ἔξω
2177 602 2298 665 τοῦ
2335 598 2533 685 βήλου
2597 602 2790 667 ἕστο-

533 699 879 779 Βλισμένοι
921 695 1162 785 ῥοαίοις
1201 698 1465 781 σαγιόις.
1548 698 1617 762 ἐν
1657 698 1731 762 δὲ
1771 700 1849 785 τῇ
1885 696 2121 763 τούτων
2156 700 2471 789 εἰσαγωγῇ
2509 725 2791 787 προσυν-

582 801 986 885 εισέρχονται
1026 799 1116 886 τῷ
1169 796 1481 886 βασιλικῷ
1523 796 1826 886 ὄστιαρίῳ
1886 796 2184 879 ὄμότιμοι
2240 800 2367 864 τῶν
2423 796 2788 882 μελλόντων

585 905 801 979 τυχεῖν
844 890 1235 980 ἀναλήψεως
1276 887 1501 981 ἄνδρες
1540 894 2035 984 σπαθαροφόροι
2076 905 2277 984 τρεῖς,
2319 897 2434 963 καὶ
2471 897 2544 964 τό
2588 896 2831 984 σόη-5

584 1001 701 1073 θες
741 998 935 1080 σέβας
975 992 1343 1081 ποιήσαντες
1388 996 1778 1079 ἀναμένουσι
1821 994 1983 1082 πρός
2019 996 2089 1062 τό
2134 999 2325 1084 βῆλον
2362 993 2622 1074 ἑστῶτες
2663 995 2788 1083 τήν

585 1098 707 1162 τοῦ
745 1095 1151 1179 εἰσαγομένου
1192 1095 1584 1182 παρουσίαν,
1647 1096 1762 1161 καί
1799 1087 1994 1174 αὖθις
2031 1098 2148 1162 τοῦ·
2181 1094 2386 1183 βήλου
2432 1101 2787 1163 πετασθέν-
2853 1167 2866 1174 ,

588 1217 731 1277 τος,
785 1197 1267 1280 συνεισέρχεται
1323 1196 1414 1283 τῷ
1466 1197 1780 1284 βασιλικῷ
1839 1188 2139 1285 ὄστιαρίῳ
2183 1193 2219 1260 ὅ
2261 1195 2390 1260 τῶν
2429 1200 2782 1280 βασιλικῶν

585 1294 1164 1379 πρωτοσπαθοίριος
1218 1290 1487 1378 εἰσάγων
1549 1291 1660 1359 τὸν
1713 1296 2026 1377 μέλλοντα
2086 1305 2304 1379 τυχεῖν
2345 1293 2784 1381 ἀντιλήψεως,

594 1395 708 1457 καί
740 1396 960 1458 τοῦτον
998 1393 1499 1481 προτρεπόμενος
1543 1393 1719 1478 τρισὶ
1764 1392 1979 1470 τόποις
2038 1398 2302 1480 ποιῆσαι
2340 1392 2456 1480 τήν
2495 1393 2872 1482 προσκύ-ιο

593 1516 812 1578 νησιν,
873 1495 1118 1577 ἵστησιν
1159 1493 1352 1560 αὕτόν
1392 1492 1556 1558 κατὰ
1609 1491 1950 1579 πρόσωπον
1993 1496 2114 1557 τοῦ
2158 1497 2470 1586 βασιλέως
2508 1492 2669 1582 πρός
2708 1493 2788 1559 τό

595 1592 665 1669 ἐξ
706 1593 949 1656 οἰκείων
985 1594 1224 1677 χειρῶν
1265 1587 1471 1659 αὖτοῦ
1512 1596 1735 1676 λαβεῖν
1775 1591 1845 1658 τὸ
1899 1597 2200 1680 βραβεῖον
2235 1597 2350 1659 τοῦ
2408 1590 2788 1677 α’ξιοόματος.

542 1694 717 1761 cuae*
751 1689 983 1779 μικρὸν
1026 1691 1221 1758 αὐτόν
1261 1689 1372 1758 τόν
1409 1693 1685 1777 τυχόντα
1728 1693 2073 1779 διαστήσας
2117 1691 2562 1770 ὄπισθοπόδως
2599 1692 2633 1762 ὅ
2662 1695 2792 1760 αὖ-

594 1789 709 1868 τός
770 1790 1340 1880 πρωτοσπαθοὶριος
1395 1794 1759 1879 περιβάλλει
1819 1787 1997 1882 αὖτῷ
2053 1792 2128 1859 τό
2190 1794 2377 1858 δοθὲν
2431 1790 2610 1880 παροὶ
2665 1795 2790 1859 τοῦ

592 1891 906 1975 βασιλέως
930 1895 1248 1978 βραβεῖον,
1292 1894 1405 1956 καί
1432 1883 1628 1969 αὖθις
1667 1886 1852 1958 αὗτὸν
1892 1883 2338 1979 προσωθήσας
2359 1892 2869 1958 dandam-90:215

594 1999 773 2056 ποιεῖ’
802 1989 954 2067 τούς
992 1988 1211 2077 ἱερούς
1251 1989 1454 2067 πόδας
1494 1995 1612 2056 τοῦ
1649 1993 1985 2075 βασιλέως·
2068 1993 2498 2074 καταχθέντος
2538 1994 2611 2058 δὲ
2661 1993 2787 2057 oev’-

597 2090 718 2154 τοῦ
756 2087 912 2177 πρὸς
965 2098 1094 2167 τοῖς
1136 2092 1309 2156 κάτω
1330 2143 1350 2174 ,
1408 2092 1468 2156 οἱ
1525 2087 1815 2173 ὃμότιμοι
1848 2095 1960 2159 τοῦ
2017 2091 2371 2175 ἀξιώματος
2426 2084 2654 2179 ἄνδρες
2696 2089 2789 2167 ὥς

599 2189 889 2276 ἶσότιμον
928 2187 1353 2273 εἰσδεξάμενοι
1395 2193 1620 2278 φίλον,
1659 2189 1730 2257 τὸ
1772 2194 1966 2275 σέβας
2005 2193 2385 2277 πληροῦντες
2423 2189 2541 2275 τήν
2581 2186 2787 2274 εὔχα-

598 2297 884 2386 ριστειάν
924 2289 1034 2358 διοὶ
1078 2294 1191 2377 τῆς
1230 2289 1714 2379 προσκυνήσεως
1753 2295 1844 2381 τῷ
1881 2297 2146 2375 βασιλεῖ’
2166 2293 2639 2379 προσφωνοῦσι,
2679 2285 2794 2358 καὶ

601 2397 1046 2483 συνεξέρχεται
1084 2391 1304 2482 τούτῳ.
1385 2388 1428 2480 ἧ
1473 2393 1545 2458 δὲ
1600 2394 1984 2478 παρεστῶσα
2023 2389 2272 2457 πάντων
2312 2393 2442 2458 τῶν
2479 2393 2599 2457 τοῦ
2635 2404 2876 2456 xvv-20

601 2499 933 2589 βουκλείου
976 2496 1123 2573 α’ξιά
1164 2492 1275 2558 τόν
1312 2494 1585 2576 βασιλέα
1633 2494 1827 2572 α’ξίως
1867 2491 2375 2579 ἕπευφημήσασα
2390 2541 2412 2573 ,
2469 2494 2583 2555 καὶ
2617 2484 2787 2576 asin)

604 2599 1047 2683 συνεξέρχεται
1091 2592 1362 2685 τούτοις.
1445 2592 1804 2676 εἰσάγονται
1848 2593 1922 2657 δὲ
1961 2593 2168 2657 πᾶσαι
2206 2590 2276 2655 αἱ
2302 2594 2429 2657 τῶν
2465 2588 2577 2656 διὰ
2626 2595 2791 2677 βρα-

750 2752 799 2804 7.
844 2733 1116 2802 συρέντος
1160 2730 1261 2801 leg.
1298 2745 1415 2783 esse
1456 2736 1621 2800 putat
1664 2731 1722 2782 R.
1788 2744 1889 2799 pro
1947 2728 2352 2787 πετασθέντος.
2539 2745 2629 2788 ao.
2654 2737 2791 2783 συν-

743 2806 928 2874 εξέρχ.
965 2806 1059 2870 a,
1087 2805 1424 2874 συνέρχεται
1468 2801 1576 2854 cod
1625 2809 1682 2854 et
1717 2799 1803 2853 ed.

609 2943 752 2980 cram
800 2926 1140 2979 maiestatem
1188 2926 1250 2977 in
1286 2923 1582 2994 propatulo
1625 2923 1904 2991 expositis.
1980 2920 2141 2991 Quae
2187 2922 2285 2992 qul
2330 2918 2588 2988 adepturi
2630 2924 2790 2980 sunt,

608 3006 762 3049 extra
796 2996 977 3049 velum
1012 2995 1189 3066 parati
1220 3003 1479 3047 tenentur
1504 3009 1535 3042 a
1568 2993 1924 3047 basilicarum
1978 2993 2066 3044 vel
2118 2990 2556 3044 caesarianorum
2594 2995 2786 3057 proto·

609 3066 890 3138 spathario
929 3085 1044 3120 eam
1078 3066 1137 3118 in
1170 3083 1284 3118 rem
1319 3065 1603 3133 delegato,
1641 3067 1782 3134 sagis
1810 3063 1993 3116 rubris
2023 3061 2223 3115 induti.
2294 3062 2436 3114 Ante
2465 3075 2588 3111 vero
2616 3072 2775 3128 quam

608 3155 709 3209 per
736 3139 917 3191 velum
950 3135 1397 3196 introducantur,
1431 3138 1719 3187 introeunt
1749 3135 1913 3186 simul
1948 3150 2067 3185 cum
2115 3132 2388 3202 imperiali
2417 3127 2631 3183 ostiario
2663 3134 2774 3177 tres

606 3210 714 3261 viri
745 3208 962 3278 spathas
998 3215 1266 3278 gestantes
1286 3244 1301 3269 ,
1339 3205 1608 3276 dignitate
1628 3206 1775 3267 illis,
1813 3205 1909 3275 qui
1940 3200 2370 3257 munificentiam
2397 3208 2451 3252 ct
2470 3194 2780 3248 mercedem

606 3278 872 3332 virtutum
896 3278 1152 3348 adepturi
1190 3284 1351 3340 sunt,
1391 3277 1669 3347 aequales.
1743 3275 1846 3339 Hi,
1883 3281 1946 3326 ut
1975 3275 2279 3344 principem
2315 3276 2566 3321 consueto
2617 3264 2782 3318 cultu

606 3352 855 3403 venerati
893 3357 1053 3413 sunt,
1089 3354 1440 3417 exspectant,
1477 3345 1626 3416 apud
1665 3346 1844 3400 velum
1887 3352 2123 3407 stantes,
2170 3335 2541 3397 introducendi
2572 3334 2789 3389 adven-

607 3427 724 3472 tum
744 3459 760 3484 ‚
796 3422 1159 3489 protinusque
1191 3427 1254 3470 ut
1274 3417 1456 3471 velum
1489 3418 1775 3470 reductum
1807 3416 2009 3478 fuerit,
2064 3415 2245 3466 intrat
2272 3410 2429 3465 simul
2465 3425 2590 3461 cum
2629 3408 2790 3475 regio

609 3490 835 3542 ostiario
866 3488 1338 3560 protospatharius
1366 3488 1743 3550 basilicorum,
1780 3486 2134 3540 introducens
2160 3480 2553 3537 honorandum.
2623 3479 2794 3531 nunc

609 3558 860 3613 hortatur
900 3559 1075 3612 tribus
1112 3560 1173 3611 in
1224 3557 1449 3611 diversis
1499 3560 1637 3613 locis
1673 3559 1977 3627 Augustum
2014 3556 2275 3620 adorare,
2331 3553 2566 3606 collocat
2609 3564 2794 3603 coram

609 3628 834 3685 Domini
863 3631 1019 3681 vultu
1037 3667 1052 3692 ‚
1087 3647 1195 3700 quo
1220 3645 1286 3681 ex
1313 3630 1484 3698 ipsius
1504 3628 1756 3681 manibus
1794 3625 2077 3697 dignitatis
2099 3627 2314 3695 insigne
2340 3623 2594 3690 accipiat.
2642 3616 2794 3672 Idem
2845 3648 2850 3651 ·

611 3698 1087 3771 protospatharius
1133 3717 1258 3752 eum
1305 3700 1363 3752 id
1412 3707 1633 3753 nactum
1693 3704 1840 3750 retro
1897 3698 2241 3781 aliquantum
2293 3696 2355 3748 in
2408 3691 2639 3759 vestigia
2693 3704 2793 3739 sua

608 3773 767 3826 vultu
804 3771 1056 3823 irretorto
1092 3772 1204 3841 agit
1226 3808 1241 3833 ,
1279 3779 1335 3823 et
1377 3770 1610 3839 acceptis
1649 3786 1679 3820 a
1716 3768 1954 3822 Domino
1991 3765 2298 3838 insignibus
2327 3764 2546 3824 induit,
2583 3776 2796 3813 rursus-

612 3858 722 3913 que
761 3858 1007 3911 prorsum
1045 3840 1267 3894 ductum
1306 3842 1450 3909 cogit
1497 3858 1674 3894 sacros
1711 3840 1936 3911 Augusti
1970 3839 2139 3908 pedes
2194 3837 2452 3889 osculari.
2524 3833 2596 3884 Ut
2627 3828 2796 3883 rediit

611 3910 868 3965 reductus
908 3910 979 3963 ad
1015 3929 1137 3974 eos,
1177 3911 1273 3984 qui
1311 3913 1456 3964 infra
1484 3910 1566 3987 xad
1603 3912 1785 3964 velum
1825 3916 2010 3972 stant,
2048 3909 2154 3979 ipsi
2181 3907 2454 3977 dignitate
2478 3919 2668 3972 pares,
2703 3914 2795 3951 rc-

615 3982 832 4054 cipiunt
884 3990 949 4034 ut
1000 3983 1232 4034 amicum
1288 3991 1344 4034 et
1373 3983 1635 4051 collegam
1662 4021 1678 4046 ,
1715 3982 2123 4033 venerationem
2153 3977 2386 4047 Augusti
2419 3974 2799 4033 absolventes,

614 4054 907 4122 gratiarum
939 4055 1215 4106 actionem
1250 4069 1399 4105 suam
1437 4054 1617 4106 eidem
1654 4066 1785 4105 voce
1827 4053 1970 4102 clara
2010 4059 2064 4102 et
2107 4048 2433 4103 adoratione
2462 4042 2802 4113 significant.

617 4131 676 4176 et
723 4138 843 4174 cum
889 4139 1031 4179 novo
1070 4122 1276 4191 collega
1318 4125 1479 4176 simul
1529 4122 1754 4175 abeunt.
1836 4122 2045 4177 Pariter
2091 4119 2312 4172 adstans
2355 4112 2600 4169 cubiculi
2650 4117 2802 4162 totus

617 4191 753 4245 ordo
780 4193 943 4246 simul
972 4210 1089 4244 cum
1121 4193 1232 4244 illis
1291 4192 1411 4246 abit
1457 4203 1584 4263 post
1623 4192 1814 4245 laudes
1849 4199 1907 4244 et
1939 4191 2084 4245 bona
2120 4188 2286 4242 verba
2319 4184 2562 4256 principi
2596 4180 2802 4243 decen-

618 4270 705 4318 ter
736 4261 908 4320 dicta.-
968 4260 1401 4319 Introducuntur
1436 4273 1620 4319 autem
1661 4280 1878 4329 omncs,
1919 4276 2063 4334 quae
2091 4275 2216 4314 cum
2241 4256 2465 4312 brabeis
2513 4253 2602 4309 vel
2637 4265 2806 4325 prae-
