3050 4900
1297 210 1317 248 Ι

620 355 729 417 DE
784 349 1176 417 OEnmon.
1241 349 1512 414 Ami:
1570 348 1909 413 BYzAn‘r.
1971 352 2051 412 11.
2095 356 2197 420 ιιο.
2273 321 2485 434 Ν639

322 507 578 583 ἕκαστος
618 503 800 584 ἔτους
840 500 982 582 ἑνός
1018 505 1357 593 ἠγεμονίαν
1397 500 1815 608 κληρούμενος
1860 505 1929 570 ἓν
1967 505 2262 585 πολέμοις
2303 503 2494 590 ἤφίε-

319 629 413 686 το,
456 598 546 673 ὧν
579 604 740 689 μετὰ
786 604 899 691 τήν
938 602 1392 691 συμπλήρωσιν
1431 600 1907 688 ἐπιδεδημηκώς
1943 600 2116 688 παρὰ
2158 606 2288 667 τῶν
2325 598 2495 668 sinui·-

317 730 445 771 των
502 707 911 791 διηρευνᾶτο,
980 705 1113 781 πῶς
1151 702 1231 769 τὰ
1275 705 1403 770 τῶν
1443 704 1733 783 πολέμων
1777 696 2102 788 διῄτησεν,
2160 695 2382 788 στολήν
2423 726 2495 767 τε

321 803 441 889 τήν
478 803 789 890 ὖπατικήν
828 805 966 868 κατ’
1005 803 1188 880 α’ξίαν
1225 806 1337 886 τῆς
1374 800 1548 886 νίκης
1587 799 1862 882 ἐννόμως
1889 803 2350 887 περιεβέβλητο,
2392 803 2496 888 ἐφ’

283 895 369 993 5ᾗ
409 908 521 969 καί
556 902 627 970 τό
670 903 834 968 κατὰ
873 904 1002 968 τῶν
1056 905 1373 985 πολεμιων
1410 899 1717 986 τρόπαιον
1757 901 2136 987 ἕχειρίζετο,
2206 893 2256 989 ᾧ
2299 903 2503 986 §reyb-

323 1026 566 1092 γραπτο
602 1001 680 1070 τὰ
719 1004 932 1093 ἐκείνῳ
979 1003 1379 1088 πεπονημένα
1442 995 1767 1085 εἰσάγοντί
1815 1023 1884 1065 τε
1923 998 2083 1086 πρὸς
2136 998 2286 1077 τούς
2336 998 2559 1067 siud-B

323 1124 470 1178 τους
508 1098 771 1191 λάφυρά
812 1126 883 1167 τε
922 1099 1037 1167 καὶ
1073 1102 1492 1185 αἰχμοδέτας,
1528 1095 1925 1186 χωρίζεσθαι
1969 1100 2043 1165 δὲ
2082 1095 2317 1181 τόμους
2337 1149 2357 1183 ,
2397 1100 2510 1166 20'-

323 1223 505 1286 γους.
531 1203 606 1267 ἓν
649 1200 899 1276 τούτοις
958 1201 1411 1286 ποιησομένους
1460 1199 1586 1263 τῶν
1629 1197 1784 1284 περὶ
1819 1199 2130 1278 πολέμους
2167 1197 2513 1281 ἅναλωμά-·

320 1324 489 1370 των..
551 1302 899 1385 σκηπίωνες
963 1299 1037 1364 δὲ
1091 1295 1216 1363 α’πό
1257 1300 1377 1361 τοῦ
1414 1300 1543 1361 τῶν
1568 1292 1904 1379 Ῥωμαίων
1938 1299 2298 1382 Σκηπίωνος
2336 1297 2499 1364 κατὰ

253 1403 647 1482 munimem
694 1401 965 1483 μέγιστα
1023 1393 1604 1484 στρατηγήσαντος,
1668 1397 1736 1473 ἐξ
1793 1386 1873 1460 οὗ
1904 1393 1974 1462 τό
2018 1387 2305 1483 εὔφημον
2348 1398 2514 1483 α’πη-

326 1502 639 1584 νὲγκαντο.
737 1494 784 1584 ἢ
855 1501 971 1564 καὶ
1019 1506 1293 1565 σκεπαῖα
1338 1493 1498 1562 κατὰ
1558 1493 1665 1562 τὸν
1723 1492 1985 1581 δημώδη
2041 1491 2227 1581 λόγον
2278 1494 2387 1562 διὰ
2437 1496 2510 1564 τό

325 1599 478 1677 τούς
516 1595 987 1684 ἐπιγνώμονας,
1060 1597 1152 1676 ὥς
1195 1591 1412 1679 οἶμαι,
1472 1589 1597 1662 τῶν
1635 1599 1848 1660 καλῶν
1907 1596 2317 1684 οἷποσκέφθαι
2352 1594 2515 1685 πρός

327 1701 539 1765 ταῦτα
622 1696 736 1764 καὶ
791 1701 1065 1780 ἐννοεῖν,
1141 1696 1368 1771 ὁποίας
1408 1694 1817 1782 οἷναγροίπτου
1858 1695 2043 1782 τιμῆς
2082 1693 2145 1760 οἱ
2192 1697 2513 1783 α’νδραγα-

327 1797 659 1881 θιζόμενοι
686 1795 1183 1884 μετειλήφασιν,
1236 1798 1350 1860 καί
1386 1796 1609 1879 ζηλοῦν
1646 1791 1809 1881 πρός
1846 1793 1965 1880 τὴν
2001 1793 2292 1881 μίμησιν.
2376 1792 2509 1860 οἷπό

254 1902 403 1969 ι5δὲ
455 1901 580 1965 τῶν
631 1900 1035 1981 καμπαγίων,
1094 1892 1141 1960 οἳ
1206 1894 1510 1960 Λατίνων
1551 1897 1737 1981 φωνῇ’
1794 1892 2331 1981 προσηγόρευται,
2391 1892 2515 1958 τοῦ

329 2000 673 2081 πολεμικοῦ
730 1992 967 2081 α’νδρὸς
1030 1992 1101 2060 τό
1162 1987 1520 2078 εὖκίνητον,
1594 1986 1756 2057 ἀλλὰ
1832 1989 1926 2077 μή
1993 2000 2507 2079 κατοχυροποιεῖ-
2537 1997 2581 2052 C

330 2101 493 2164 σθαι
532 2094 638 2161 διὰ
680 2093 798 2173 τὰς
837 2092 1000 2159 κατὰ
1041 2093 1119 2159 τὰ
1159 2096 1347 2177 σκέλη
1387 2094 1459 2157 ἐκ
1498 2089 1701 2156 πίλων
1737 2089 2119 2179 περιπλοκὰς
2180 2087 2225 2179 ἢ
2267 2093 2376 2157 riui
2439 2095 2511 2167 τό
2527 2100 2801 2158 has-anab

330 2197 686 2264 σκέπασθαι
725 2191 964 2272 αὕτοὺς
1015 2202 1143 2269 τοῖς
1179 2196 1472 2280 θυρεοῖς,
1517 2184 1563 2276 ἢ
1602 2200 1744 2269 ταῖς
1785 2193 2192 2279 περιφερέσιν
2249 2193 2471 2259 α’σπίσι
2490 2245 2514 2276 ,

334 2293 448 2362 καί
512 2292 622 2359 διὰ
694 2291 767 2359 τό
840 2290 931 2380 μὴ
1006 2294 1262 2358 δεῖσθαι
1324 2292 1843 2379 περινενοημένης
1902 2288 2410 2378 κατοχυροόσεως.

487 2427 570 2488 15.
601 2427 769 2499 φωνῇ
794 2443 897 2485 em.
934 2428 1012 2489 R„
1045 2420 1207 2498 (pam)
1247 2424 1368 2485 cod.
1410 2431 1467 2480 et
1500 2425 1589 2480 ed.
1714 2429 1793 2481 16.
1830 2426 1914 2477 Ita
1950 2426 2046 2490 R„
2085 2422 2222 2479 ἀλλὰ
2260 2414 2380 2497 μήν
2415 2428 2517 2481 καὶ

476 2490 542 2551 τό
581 2498 1067 2567 ὀχυροποιεῖσθαι
1100 2496 1226 2554 cod.
1263 2494 1321 2550 ‘et
1355 2494 1445 2565 ed,
1591 2514 1668 2565 ¹7·
1691 2497 1774 2549 Ita
1811 2497 1904 2561 R„
1955 2499 2343 2567 περιπλοκῆς,
2376 2494 2409 2565 ἢ
2447 2490 2511 2554 τὸ

479 2566 915 2621 διασκεπᾰσθαι
950 2564 1070 2618 cod.
1107 2575 1166 2619 et
1192 2564 1276 2618 ed.
1430 2583 1508 2636 ¹9·
1544 2569 2062 2638 περινενοημένους
2094 2568 2280 2622 Leich.

341 2703 495 2757 reges
531 2687 704 2738 annui
740 2693 924 2749 erant,
977 2690 1038 2735 et
1072 2699 1264 2735 eorum
1297 2684 1681 2767 unusquisque
1718 2689 1847 2753 post
1889 2692 2132 2754 gestum,
2182 2688 2336 2757 quod
2369 2696 2515 2741 sorte

341 2766 533 2811 nactus
567 2756 777 2819 fuerat,
825 2754 1119 2825 imperium
1153 2754 1317 2806 unius
1354 2769 1485 2804 anni
1523 2752 1921 2807 amandabatur
1955 2755 2016 2807 in
2051 2763 2226 2820 castra
2261 2758 2333 2810 ad
2369 2759 2518 2813 bella

258 2820 284 2839 ⁸
341 2829 596 2898 gerenda.
669 2825 889 2897 Quibus
942 2824 1235 2887 confectis,
1282 2822 1532 2888 redibat,
1577 2831 1637 2875 et
1669 2824 2035 2895 interrogatus
2082 2843 2114 2878 a
2160 2828 2516 2896 consulibus,

343 2898 623 2971 quomodo
659 2914 774 2950 rem
810 2897 1067 2947 bellicam
1107 2894 1569 2957 administrasset,
1625 2894 1933 2965 accipiebat
1979 2896 2221 2949 humeris
2253 2900 2517 2952 iniectum

341 2967 596 3021 habitum
616 2967 974 3029 consularem,
1009 2965 1376 3038 adaequatum
1403 2964 1662 3034 dignitati
1684 2974 1875 3036 partae
1898 2968 2192 3036 victoriae3
2226 2969 2288 3021 in
2322 2986 2516 3024 manus

343 3049 532 3092 autem
572 3039 879 3108 accipiebat
913 3036 1177 3089 traditum
1211 3044 1535 3104 tropaeum3
1584 3036 1848 3090 victoriae
1884 3035 1954 3089 de
1989 3037 2227 3090 subactis
2261 3039 2515 3093 hostibus

344 3112 591 3180 insigne,
641 3110 701 3160 in
737 3124 848 3181 quo
886 3109 1097 3179 pictura
1132 3106 1684 3178 repraesentabantur
1717 3123 1801 3158 res
1840 3107 1910 3159 ab
1946 3125 2012 3161 eo
2047 3109 2106 3160 in
2142 3111 2247 3162 ista
2284 3111 2515 3180 expedi-

340 3182 500 3233 tione
535 3187 718 3253 gestae
739 3220 754 3245 ‚
788 3195 888 3250 per
924 3194 1088 3251 quam
1124 3177 1503 3231 introduceret
1534 3179 1595 3229 in
1629 3177 1824 3230 urbem
1861 3185 1919 3231 et
1956 3178 2245 3233 exhiberet
2278 3182 2520 3234 consuli-

342 3251 451 3305 bus
486 3251 665 3322 spolia
704 3259 761 3302 et
796 3250 1055 3320 captivos.
1130 3246 1383 3302 Tenebat
1430 3264 1654 3320 quoque
1701 3250 1761 3300 in
1809 3249 2062 3302 manibus
2102 3250 2385 3304 codicillos
2421 3268 2518 3304 ex-

386 3339 639 3374 ensarum
679 3320 1014 3373 bellicarum.
1087 3318 1372 3389 Scipiones
1401 3328 1618 3384 autem,
1654 3336 1790 3391 quos
1815 3322 2034 3389 patricii
2062 3328 2286 3390 gerunt,
2321 3325 2516 3393 appel-

342 3339 613 3445 fanonem
661 3399 849 3443 nactos
902 3407 1019 3442 esse
1066 3391 1224 3443 aiunt
1272 3389 1601 3443 traditiones
1638 3399 1847 3443 veteres
1885 3391 2019 3443 boni
2060 3394 2260 3444 ominis
2295 3394 2517 3464 plenam

348 3464 419 3513 ab
456 3464 557 3516 illo
594 3465 838 3515 Romano
876 3460 1234 3514 celeberrimo
1285 3461 1421 3514 duce
1472 3459 1677 3512 bellico
1713 3463 2181 3534 maximarumque
2207 3480 2387 3516 rerum
2412 3481 2517 3518 au-

348 3540 498 3587 ctore
519 3572 535 3598 ,
570 3534 861 3605 Scipione,
894 3550 993 3603 per
1029 3548 1194 3604 quem
1230 3538 1439 3583 tantam
1474 3533 1676 3583 samam
1700 3534 1977 3585 consecuti
2009 3542 2154 3592 sunt.
2221 3536 2326 3587 Vel
2351 3537 2517 3588 etiam

349 3619 437 3655 sce
478 3620 576 3657 aea
613 3606 777 3674 vulgo
815 3604 1166 3674 appellantur
1202 3618 1268 3654 ex
1307 3619 1401 3666 eo,
1453 3609 1519 3654 ut
1568 3619 1668 3674 ego
1717 3603 1939 3675 quidem
1999 3606 2281 3672 existimo,
2336 3606 2517 3677 quod,

350 3622 474 3744 quip
484 3674 712 3743 pulchra
751 3685 808 3727 et
841 3676 1118 3746 praeclara
1157 3690 1187 3723 a
1224 3688 1445 3726 noscere
1482 3681 1651 3746 atque
1687 3675 1976 3727 aestimare
2025 3685 2254 3740 norunt,
2307 3677 2416 3730 toti
2456 3678 2517 3727 in

340 3746 419 3796 'ea
464 3744 793 3797 incumbunt
842 3754 901 3797 et
946 3760 1131 3797 secum
1221 3745 1474 3815 ‘ligenter
1519 3746 1806 3809 recolunt„
1878 3754 2111 3817 quantos
2159 3744 2394 3799 honores
2456 3749 2518 3800 in

352 3813 646 3867 annalibus
683 3815 985 3868 celebratos
1022 3815 1333 3885 acceperint
1368 3815 1501 3867 olim
1535 3816 1642 3866 viri
1677 3815 1845 3868 fortes
1893 3825 1951 3869 et
1993 3816 2185 3887 probi3
2231 3834 2411 3890 eoque
2447 3815 2522 3868 ad

351 3886 599 3954 ipsorum
652 3887 1019 3939 imitationem
1072 3886 1437 3940 stimulantur.
1529 3885 1820 3958 Campagia
1872 3887 2123 3953 tandem,
2188 3895 2252 3940 ut
2290 3889 2518 3941 Latinus

355 3972 533 4008 sermo
569 3957 840 4025 appellat,
874 3968 1069 4029 gerunt
1102 3957 1172 4009 ad
1209 3958 1619 4029 significandam
1641 3958 1746 4012 viri
1776 3958 2029 4010 militaris
2055 3959 2386 4028 agilitatem,
2422 3959 2519 4029 qui

354 4027 598 4096 negligat
631 4026 739 4078 sibi
786 4044 938 4080 crura
975 4030 1088 4080 alio
1123 4037 1340 4098 praeter
1375 4029 1642 4082 filtrorum
1678 4028 2060 4081 indumentum
2095 4030 2364 4082 tutamine
2399 4046 2522 4080 mu-

353 4098 508 4161 nire,
545 4096 697 4170 quod
731 4096 980 4169 oblongis
1017 4100 1334 4155 rotundisve
1371 4100 1538 4152 scutis
1574 4117 1632 4152 se
1671 4100 1804 4153 satis
1845 4108 2048 4153 tectum
2086 4107 2143 4153 et
2174 4109 2356 4154 tutum
2384 4114 2522 4162 esse,

355 4167 596 4239 ideoque
631 4168 789 4221 nullo
827 4169 937 4222 alio
974 4172 1267 4225 artificiose
1305 4170 1553 4225 confecto
1592 4178 1649 4227 et
1692 4172 1973 4245 ingenioso
2003 4172 2308 4246 excogitato
2337 4171 2520 4225 muni-

354 4240 505 4295 mine
542 4254 681 4311 opus
715 4236 921 4293 habere
953 4248 1128 4313 putet.
1328 4250 1335 4255 ·
