3050 4900
489 211 633 275 mv
867 208 981 273 10.
1048 209 1299 273 amn.
1360 207 1665 272 mean
1725 162 2323 274 commmuno

491 374 633 425 rant
673 361 969 423 intestinis
1011 362 1164 422 odiis
1188 405 1208 440 ‚
1251 371 1313 422 et
1332 405 1352 438 ,
1413 361 1611 422 divisa
1650 362 1809 423 inter
1848 361 2055 443 plures
2110 364 2386 446 potentia
2404 404 2425 441 ‚
2481 382 2581 424 res
2620 363 2690 423 in

402 470 413 483 ·
492 467 803 527 summum
843 445 1167 506 discrimen
1206 444 1538 506 ambitione
1577 446 1925 528 principum
1967 457 2099 506 erat
2140 446 2456 529 perducta.
2505 446 2688 506 Prae-

493 533 671 612 cipue
711 530 997 589 Saraceni
1087 528 1166 588 ab
1212 549 1285 589 eo
1325 538 1628 609 tempore,
1670 550 1795 610 quo
1835 529 2099 609 primum
2140 532 2266 591 suis
2311 529 2557 611 sedibus
2595 550 2691 590 ex·

492 617 598 674 citi
617 656 637 690 ,
678 611 870 674 classe
908 614 974 672 in
1018 574 1256 673 italiam
1300 624 1596 673 venerant
1623 656 1643 690 ‚
1702 612 1932 673 crebris
1990 613 2440 674 incursionibus
2496 614 2690 673 mari-

492 700 710 757 timam
752 690 928 756 oram
968 695 1291 757 vexabant.
1354 696 1596 757 Horum
1636 705 1709 756 ut
1746 695 2036 759 ferociam
2074 706 2486 779 compesceret
2505 739 2525 775 ,
2569 696 2692 776 (ha-

491 779 722 842 bebant
764 782 925 840 enim
965 781 1030 840 in
1054 778 1365 840 Gariliano
1407 789 1617 841 monte
1657 801 1826 841 arces
1847 825 1867 860 ‚
1911 801 2061 863 quas
2101 801 2324 863 magna
2362 781 2458 840 vis
2498 798 2693 839 arma-

488 874 559 925 ta
599 873 661 924 et
700 862 1012 924 incondita
1056 863 1344 924 tuebatur
1362 861 1417 940 ‚)
1481 862 1871 945 Atenulphus
1891 909 1911 943 ,
1955 865 2202 946 Capuae
2258 874 2320 924 et
2358 861 2694 924 Beneventi

494 949 802 1031 princeps,
831 945 1263 1027 Landulphum
1302 946 1521 1025 filium,
1563 957 1635 1007 ut
1673 945 1879 1009 valida
1918 969 1956 1009 a
1983 949 2191 1009 Leone
2211 947 2437 1029 Imper.
2459 944 2695 1007 auxilia

497 1041 754 1115 peteret,
797 1031 1154 1113 Byzantium
1209 1032 1374 1091 misit
1400 1031 1468 1108 ¹).
1550 1030 1649 1090 De
1700 1031 1966 1091 exercitu
2020 1033 2088 1092 in
2129 1028 2370 1095 ltaliam
2410 1029 2695 1091 ducendo

498 1111 674 1175 facile
715 1115 1054 1196 Imperator
1093 1117 1346 1189 assensit
1364 1158 1382 1189 ‚
1424 1124 1486 1174 et
1525 1113 1961 1195 Landulphum
1980 1158 2002 1194 ,
2045 1116 2413 1197 Gregorium
2460 1114 2698 1195 Neapo-

498 1197 756 1260 litanum
781 1242 802 1276 ,
840 1209 906 1281 ,et
950 1194 1242 1257 Ioannem
1263 1240 1282 1273 ,
1326 1197 1572 1258 Caietae
1613 1196 1831 1258 ducem
1852 1242 1872 1276 ,
1933 1199 2192 1280 patricia
2294 1199 2308 1213 ⁹
2397 1199 2544 1257 itate
2583 1218 2690 1258 or-

496 1278 684 1342 navit.
781 1280 904 1341 Sed
943 1279 1092 1340 dum
1144 1283 1210 1340 in
1252 1301 1321 1341 re
1357 1280 1599 1364 trepida
1656 1285 1899 1363 segnius
1953 1283 2159 1365 copias
2183 1325 2205 1359 ‚
2274 1303 2308 1341 c
2333 1301 2692 1362 assemque,

497 1366 745 1425 instruit
762 1407 782 1439 ‚
825 1362 1111 1424 Ataulfiis
1152 1365 1415 1424 moritur
1432 1408 1452 1442 ,
1497 1366 1875 1447 principatus
1914 1363 2284 1447 Landulpho
2322 1374 2385 1424 et
2424 1361 2700 1424 Atenul·

499 1444 624 1531 pho
648 1493 668 1527 ,
711 1446 850 1507 filiis
874 1492 896 1528 ,
958 1446 1250 1508 defertur.
1336 1450 1479 1507 Mox
1522 1447 1603 1507 ad
1642 1448 1956 1509 ferendam
1996 1469 2178 1530 opem
2218 1448 2437 1507 Graeci
2503 1445 2694 1508 adve-

498 1552 645 1593 nere
663 1576 680 1609 ,
724 1551 865 1590 cum
907 1531 1130 1612 quihus
1171 1532 1429 1591 Ioannes
1469 1531 1739 1612 pontifex
1759 1577 1779 1608 ‚
1842 1532 2188 1592 Gaimarius
2212 1575 2233 1608 ‚
2274 1526 2697 1605 salernitanus

500 1610 783 1697 ‘princeps
802 1658 823 1690 ,
883 1613 1075 1696 Apuli
1115 1625 1176 1675 et
1218 1613 1465 1674 Calabri
1491 1658 1511 1692 ,
1569 1636 1750 1676 suum
1789 1612 2046 1677 militem
2064 1658 2085 1694 ‚
2151 1613 2232 1674 ad
2290 1612 2693 1675 exscindenda

500 1695 889 1758 castellorum
931 1696 1124 1758 ardua
1150 1741 1171 1777 ,
1216 1697 1555 1759 eduxerunt
1570 1697 1637 1779 ²).
1719 1698 2007 1759 Saraceni
2026 1741 2046 1776 ‚
2096 1716 2238 1757 cum
2284 1696 2445 1757 fame
2465 1743 2486 1773 ,
2521 1718 2693 1757 com·

501 1792 705 1842 meatu
754 1783 1112 1863 intercepto,
1154 1792 1602 1863 premerentur,
1644 1784 1850 1864 ignem
1885 1783 2013 1842 arci
2053 1779 2384 1859 subiecere,
2429 1801 2501 1840 ac
2536 1780 2694 1841 nihil

501 1875 705 1925 tutum
749 1867 864 1925 rati
886 1908 906 1946 ‚
951 1867 1015 1925 in
1056 1863 1227 1925 silvis
1269 1875 1330 1925 et
1368 1868 1671 1926 montium
1711 1862 1924 1942 editis,
1967 1862 2338 1947 praesidium
2376 1865 2696 1945 quaesive-

505 1958 674 2010 runt.
760 1947 881 2008 Res
935 1967 1150 2009 eorum
1201 1943 1384 2029 plane
1438 1950 1676 2010 attritas
1729 1967 1930 2009 novus
1992 1969 2065 2009 ex
2128 1946 2341 2007 Africa
2399 1950 2698 2008 exercitus

503 2026 768 2106 restitnit
784 2076 805 2107 ‚
845 2032 952 2113 qui
986 2042 1309 2115 postquam
1332 2032 1566 2093 Romae
1603 2026 1712 2091 diu
1749 2032 2174 2107 imminuerat,
2214 2051 2416 2095 arcem
2453 2033 2520 2090 in
2548 2030 2698 2091 Gar·

507 2120 665 2198 ‘gano
673 2160 692 2191 ‚
734 2112 1000 2197 Apuliae
1038 2124 1246 2175 monte
1260 2159 1279 2192 ,
1324 2118 1566 2177 munire
1606 2116 1828 2196 coepit,
1869 2114 2035 2176 unde
2073 2115 2277 2177 vicino
2317 2135 2464 2197 agro
2503 2125 2701 2175 vasta-

505 2202 605 2276 to,
649 2198 1099 2277 Beneventum,
1139 2196 1455 2260 obsidione
1494 2199 1679 2281 longa
1723 2197 2035 2281 fatigatam
2054 2244 2075 2276 ,
2122 2196 2404 2259 incendio
2446 2196 2699 2259 delevit.

508 2281 751 2342 Interea
775 2280 1004 2363 Apulia
1045 2281 1241 2342 omnis
1288 2290 1353 2344 et
1378 2281 1663 2345 Calabria
1682 2323 1703 2360 ‚
1747 2284 1813 2342 in
1853 2281 2214 2345 seditionem
2254 2301 2433 2343 versa
2453 2327 2477 2360 ,
2518 2282 2701 2342 Grae-

507 2385 721 2426 corum
763 2366 975 2448 iugum
1013 2364 1311 2426 deiecerat
1329 2410 1350 2446 ‚
1404 2364 1571 2448 quod
1611 2364 1977 2448 proferendo
2023 2365 2361 2426 dominatui
2401 2376 2700 2448 opportu-

508 2471 660 2510 num
701 2459 870 2510 ratus
911 2447 1311 2530 Landulphns
1325 2495 1345 2526 ‚
1388 2454 1455 2511 in
1498 2450 1764 2511 Graecos
1801 2449 2015 2511 duxit:
2056 2447 2165 2512 sed
2204 2446 2428 2510 auxilia
2443 2495 2465 2528 ,
2508 2471 2546 2511 a
2585 2448 2702 2511 Sa·

516 2533 752 2594 racenis
791 2536 1111 2610 accersita,
1164 2533 1422 2595 rebelles
1480 2533 1560 2594 ad
1609 2533 1971 2616 obsequium
2011 2532 2213 2595 redire
2252 2544 2581 2615 coegerunt
2621 2532 2699 2612 ⁸).

519 2616 706 2677 Anno
789 2618 1022 2677 roximo
1062 2620 1127 2677 in
1167 2638 1204 2677 a
1244 2618 1329 2677 ris
1370 2615 1694 2700 Asculanis
1751 2615 2146 2678 memorabile
2203 2615 2503 2698 praelium
2542 2618 2705 2678 inter

517 2699 735 2760 Landu
800 2700 951 2760 hum
978 2710 1040 2761 et
1061 2700 1164 2761 Ur
1197 2701 1208 2714 ⁶
1239 2720 1401 2777 eum,
1445 2701 1663 2761 Graeci
1690 2703 1983 2763 exercitus
2009 2699 2228 2761 ducem
2247 2745 2269 2778 ,
2312 2701 2702 2762 commissum

512 2794 604 2843 est
622 2826 640 2859 ,
684 2782 725 2843 d
812 2786 872 2843 io
911 2783 1179 2865 primum
1219 2795 1443 2845 eventu
1464 2827 1484 2863 ,
1528 2794 1670 2866 post
1710 2786 1856 2846 victi
1899 2784 2118 2845 Graeci
2144 2827 2164 2862 ,
2209 2783 2440 2867 Apulia
2480 2795 2541 2845 et
2580 2783 2704 2844 Ca-

511 2864 707 2927 labria
746 2877 989 2947 recepta
1026 2878 1117 2928 est
1132 2913 1153 2944 ,
1211 2888 1398 2948 quam
1419 2912 1440 2944 ,
1498 2869 1623 2929 icto
1663 2888 1806 2929 cum
1836 2868 2148 2930 Gaimario
2188 2866 2465 2944 foedere,
2535 2867 2704 2927 Lan-

513 2947 780 3032 dulphus
837 2961 1067 3033 septem
1124 2952 1300 3011 annis
1355 2953 1550 3012 tenuit
1572 2951 1645 3033 ⁴).
1732 2949 1885 3013 Inde
1924 2953 2212 3013 continua
2268 2971 2411 3011 cum
2452 2951 2702 3012 Graecis

554 3164 607 3238 ι)
637 3162 791 3218 Idem
806 3163 949 3218 mat.
971 3164 1091 3218 Lib.
1113 3167 1178 3218 11.
1197 3182 1329 3220 cna.
1361 3163 1615 3236 Theoph.
1639 3163 2055 3238 contin.p.219
2072 3164 2481 3237 expeditionem
2493 3164 2701 3219 Leonis

452 3253 463 3258 ⁴
652 3237 714 3286 in
744 3235 1133 3303 Langobardos
1177 3244 1470 3299 memorat,
1506 3253 1810 3309 eorumque
1845 3236 2039 3290 ducem
2085 3237 2350 3308 Egionem
2395 3236 2474 3308 (s.
2509 3236 2704 3306 Ilugo·

651 3307 817 3376 nem)
849 3314 1023 3358 vocat.
1163 3305 1225 3370 2)
1260 3306 1447 3376 Lupus
1485 3309 1730 3379 Protosp-
1765 3309 1828 3361 in
1863 3306 2136 3361 Chronico
2167 3305 2239 3359 ad
2261 3323 2348 3358 an.
2387 3310 2511 3379 916.
2580 3307 2703 3361 Ea:-

655 3379 847 3430 ieruut
873 3377 1126 3447 Agar-eni
1162 3375 1230 3430 de
1269 3378 1574 3431 Gar-iliano
1614 3392 1757 3433 ιε-
1778 3378 2075 3450 explentur
2105 3377 2189 3447 4ο.
2233 3378 2415 3441 anni,
2467 3395 2542 3432 ea:
2588 3394 2705 3450 quo

653 3448 909 3516 Agar-eni
961 3446 1306 3501 introierunt
1347 3436 1412 3501 iii
1465 3449 1711 3502 Italiam.
1786 3449 1943 3502 Conf.
2007 3448 2298 3501 Giannone
2364 3449 2545 3502 Stoi-ia
2607 3446 2704 3500 del

657 3517 843 3586 Regno
891 3515 949 3569 di
1009 3516 1212 3587 Napoli
1267 3518 1331 3570 T.
1391 3518 1432 3568 1.
1482 3519 1544 3570 L.
1591 3519 1710 3574 vn.
1742 3535 1786 3570 c.
1841 3520 1894 3586 4.
2035 3518 2095 3590 3)
2135 3518 2534 3588 Luitprandus:
2584 3519 2704 3574 Rex

655 3586 1003 3671 Africanus,
1070 3589 1356 3659 legatione
1399 3590 1765 3661 Imperatoris
1807 3590 2055 3652 accitus,
2122 3589 2560 3645 innumerabiles
2599 3607 2702 3642 ra-

656 3658 805 3710 tibus
846 3660 1038 3728 copias
1075 3659 1139 3710 in
1191 3659 1515 3713 Calabriam
1560 3661 1928 3733 Apuliamque
1990 3658 2228 3725 direxit,
2282 3659 2556 3734 binasque
2597 3657 2702 3712 has

656 3729 913 3798 regiones
945 3730 1307 3799 Imperatoris
1337 3729 1657 3785 dominatui
1693 3731 2069 3802 potentissime
2104 3726 2372 3785 subdidit.
2512 3730 2571 3801 4)
2592 3730 2703 3780 Lu-

656 3814 762 3870 pus
819 3798 1170 3869 protospatha
1208 3817 1293 3854 an.
1328 3819 1452 3871 92¹·
1524 3802 1752 3857 Interii:
1803 3801 2024 3860 Ursileo
2076 3803 2315 3868 stratigo
2360 3802 2425 3855 in
2477 3798 2702 3873 praelio

660 3866 730 3922 de
771 3869 1005 3933 Asculo,
1065 3888 1248 3924 mense
1299 3871 1553 3943 Aprilis,
1604 3886 1659 3927 et
1702 3870 2072 3945 apprehendit
2112 3868 2503 3943 Pandulphum
2549 3875 2705 3942 Apu-

658 3939 749 3991 leo
801 3937 942 4009 (leg.
989 3940 1215 3995 Landul
1251 3940 1353 3995 hus
1394 3942 1710 4016 Apuliam).
1780 3943 2040 3996 Meminit
2073 3957 2140 3995 ex
2181 3942 2446 3996 editionis
2476 3942 2704 3995 Romani

664 4008 1147 4152 {zahfcfobardm
1242 4015 1540 4068 onstanun.
1579 4014 1640 4071 L.
1690 4013 1760 4070 dc
1807 4013 2081 4068 Cei-imon.
2178 4013 2250 4068 ul.
2304 4014 2428 4083 Byz.
2462 4013 2574 4070 MS·
2605 4010 2704 4067 fol.
