3050 4900
568 1043 845 1129 amice,
889 1062 1034 1143 pro
1074 1020 1280 1116 more
1328 1042 1618 1141 ingenii
1629 1070 1657 1131 ‚-
1708 1059 1999 1142 meque‚
2048 1060 2200 1112 non
2247 1058 2410 1113 esse
2448 1038 2778 1138 provin-

572 1189 767 1265 ciam
798 1214 1009 1267 suam
1043 1215 1266 1295 quam
1303 1185 1781 1263 autumabam
1799 1244 1820 1278 ‚
1856 1183 2195 1270 edocuit,
2221 1182 2778 1262 commendavit

568 1352 818 1412 autem
862 1336 970 1412 ad
1007 1335 1472 1439 perficienda
1519 1356 1714 1440 quae
1776 1356 2153 1434 cuperem,
2220 1331 2775 1410 Saeuam-

566 1506 621 1559 D
638 1507 790 1557 EM.
911 1482 1068 1586 Qui
1145 1480 1474 1558 laborem
1550 1478 1760 1557 haud
1847 1496 2283 1556 cunctanter
2342 1497 2774 1582 susceptum

567 1657 792 1735 quam
850 1630 1145 1717 sedulo,
1215 1656 1439 1736 quam
1500 1645 1856 1705 accurate
1914 1646 2276 1705 executus
2342 1633 2490 1714 sit,
2539 1655 2773 1731 quam

567 1746 868 1855 strenue
913 1783 1165 1857 enisus
1228 1796 1311 1854 ut
1327 1835 1352 1866 ,
1439 1778 1757 1855 sublatis
1817 1776 2106 1853 mendis
2160 1778 2510 1879 plurimis
2570 1803 2774 1882 quae

542 1926 964 2032 festinanti
1006 1923 1315 2001 Reislcio
1349 1924 1892 2017 adhaeserant,
1939 1925 2269 2001 limatius
2304 1930 2467 2027 ipso
2498 1929 2769 2003 arche-

563 2077 749 2175 tjpo
810 2072 1160 2174 prodiret
1233 2071 1440 2177 quod
1502 2073 1697 2147 mihi
1757 2071 2238 2173 comparabat
2301 2075 2768 2175 exemplwn‚

560 2234 749 2326 quot
811 2219 1259 2297 eruditionis
1330 2225 1410 2295 in
1480 2225 1837 2297 universo
1906 2226 2208 2322 negotio
2256 2220 2582 2297 ediderit
2629 2221 2769 2297 do-
2861 2260 2868 2303 ε

570 2382 939 2461 cumenta,
989 2368 1299 2471 longum
1319 2367 1551 2472 foret
1598 2392 1997 2465 enarrare3
2049 2370 2272 2447 silere
2317 2370 2415 2448 de
2463 2375 2768 2449 iuvenis

562 2522 869 2620 egregii
916 2523 1239 2618 meritis,
1287 2519 1536 2622 nefas.
1627 2516 2024 2595 Reiskiani
2048 2518 2230 2595 libri
2276 2546 2490 2597 usum
2536 2520 2767 2596 liber-

566 2670 837 2741 rimam
853 2722 877 2752 ‚
928 2684 1011 2741 ut
1059 2671 1129 2742 is
1176 2683 1330 2742 tam
1373 2684 1728 2744 accurate
1765 2685 2021 2769 posset
2069 2669 2501 2762 transcribi,
2549 2694 2768 2745 eon-

566 2816 791 2889 cessit
830 2813 1643 2899 szavnms,
1699 2812 1807 2890 V.
1851 2814 1982 2893 cL:
2029 2820 2158 2891 cui
2187 2822 2515 2896 rationes
2554 2843 2763 2894 meas

480 2985 493 3016 a
557 2962 843 3063 'dignas
889 2957 1148 3034 videri
1194 2985 1384 3064 quas
1429 2959 1777 3046 adiuvet,
1828 2978 1904 3037 et
1948 2960 2228 3050 laetor,
2297 2980 2374 3039 et
2409 2968 2760 3064 inprimis

560 3110 753 3183 mihi
786 3107 1281 3207 honorificum
1328 3129 1489 3181 esse
1536 3104 1771 3198 duc03
1823 3130 2133 3210 eumque
2167 3131 2391 3207 rogo,
2444 3123 2527 3181 ut
2572 3135 2760 3209 gra-

560 3259 712 3332 tias
759 3280 982 3359 quam
1042 3252 1541 3356 amplissimas
1604 3249 1757 3326 sibi
1816 3257 1957 3352 agi
2016 3255 2218 3328 sinat
2228 3285 2258 3347 ς
2331 3278 2588 3359 meque
2653 3254 2756 3332 de

560 3404 702 3482 tali
780 3401 1246 3478 moderatore
1323 3401 1823 3501 gratulantem
1918 3398 2443 3493 bibliothecae,
2526 3430 2754 3506 quam

559 3569 816 3628 vetere
893 3573 1149 3630 amoro
1224 3551 1632 3651 amplector
1646 3605 1672 3637 ,
1760 3553 2022 3655 aequis
2083 3548 2395 3625 auribus
2462 3549 2754 3625 audiat.

568 3698 740 3776 Vos
809 3715 1054 3774 autem
1080 3753 1106 3783 ,
1175 3700 1342 3773 viri
1398 3697 1834 3785 clarissimi,
1908 3697 2158 3773 valete
2171 3752 2199 3780 ,
2233 3698 2752 3806 favoremque

555 3858 709 3959 'quo
759 3871 873 3926 me
918 3852 1281 3935 ornastis,
1329 3815 1638 3925 servate*
1679 3848 1868 3922 mihi
1888 3862 2343 3949 perpetuum.
