3050 4900
672 273 782 338 DE
817 270 1205 340 clar-mou.
1247 264 1519 334 AULAE
1560 263 1898 333 BYzANr.
1936 271 1988 330 1.
2029 271 2134 339 30.
2320 237 2482 351 169

323 428 745 515 σφαλίζουσιν
777 428 841 492 οἶ
881 423 1385 509 κουβικουλοὶριοι
1428 420 1543 507 τὴν
1585 423 1808 507 πύλην,
1848 419 2336 507 ὖπερευχόμενοι
2372 419 2486 483 καὶ

323 527 514 591 αὐτοὶ
569 530 704 608 „ele
755 523 1025 600 πολλοὺς
1069 523 1180 588 καί
1244 520 1523 606 ἀγαθοὺς
1575 519 1848 605 χρόνους
1862 522 1921 584 .”
2025 522 2139 584 καί
2186 516 2397 602 λαβών
2443 515 2529 583 61)

320 625 724 710 πραιπόσιτος
759 622 830 690 τὸ
869 626 1118 706 στέμμα
1149 621 1270 686 ἀπὸ
1305 625 1418 706 τῆς
1452 621 1726 707 κεφαλῆς
1756 623 1873 685 τοῦ
1907 622 2234 700 βασιλέως,
2276 620 2480 703 εἰσέρ-

321 749 502 809 χεται
539 724 574 789 ὅ
610 722 910 807 βασιλεῦς
950 726 1019 790 έν
1053 726 1141 811 τῷ
1178 724 1308 809 ναῷ
1340 724 1456 785 τοῦ
1496 723 1785 804 Κυρίου,
1848 716 1960 782 καί
2012 714 2222 800 λαβών
2256 715 2487 804 κηροῦς

282 822 439 893 ὄκαί
465 823 799 905 εὐξάμενος
814 875 835 905 ,
891 823 1255 887 ἐπιδίδωσιν
1296 817 1534 896 αὖτοὺς
1567 820 1653 907 τῷ
1684 814 2070 905 πραιποσίτῳ
2090 867 2110 896 ,
2165 816 2484 901 διέρχεται

322 922 430 989 choi
462 925 587 989 τῶν
620 924 998 1005 διαβατικῶν
1043 921 1154 986 τοῦ
1196 918 1470 1006 Κυρίου,
1508 919 1620 982 καί
1647 916 1997 1002 εἰσέρχεται
2027 918 2098 981 έν
2127 916 2211 1002 τῷ
2243 912 2485 999 τρικόγ-

317 1047 436 1112 χφ.
518 1018 643 1087 εἶθ’
690 1016 886 1097 οὕτως
938 1021 1259 1106 διέρχεται
1301 1017 1381 1082 τοὶ
1430 1013 1766 1099 dameam&
1809 1019 1932 1081 τιῦν
1987 1013 2184 1098 ἁγίων
2228 1014 2312 1096 μ’,
2371 1017 2485 1078 καί

316 1122 665 1209 εἰσέρχεται
696 1123 784 1197 εἰς
818 1117 924 1185 τὸν
961 1118 1490 1205 χρυσοτρίκλινον,
1536 1113 1594 1180 οἱ
1638 1118 1711 1182 δὲ
1758 1116 2072 1201 πατρίκιοι
2113 1114 2226 1176 καί
2259 1108 2317 1176 οἱ
2346 1117 2480 1213 Lot:

315 1219 423 1285 ποί
454 1223 844 1307 εἰσέρχονται
876 1216 982 1284 διὰ
1027 1219 1142 1283 τοῦ
1180 1208 1359 1291 ὄντος
1397 1217 1486 1292 εἷς
1523 1212 1596 1280 τὸ
1635 1211 1834 1279 ἷδικόν
1868 1210 2227 1299 μονοθύρου
2280 1214 2349 1277 ἐν
2385 1236 2472 1299 τῳ

247 1322 657 1407 ιολαυσιακῷ.
740 1316 852 1384 καὶ
880 1319 998 1382 τοῦ
1036 1315 1260 1402 καιροῦ
1290 1313 1684 1398 ἐγγίσαντος,
1743 1315 2057 1398 ἐξέρχεται
2104 1308 2136 1376 ὃ
2175 1309 2475 1393 βασιλεῦς

311 1424 421 1485 καί
463 1421 794 1498 καθέζεται
837 1415 947 1482 ἐπὶ
977 1417 1091 1500 τῆς
1118 1418 1337 1496 τιμίας
1382 1413 1586 1477 αὐτοῦ
1629 1412 1940 1499 τραπέζης
1980 1407 2140 1492 μετὰ
2185 1413 2311 1477 τῶν
2360 1404 2478 1497 ἆρ-

302 1516 583 1600 χόντων,
631 1514 740 1593 οὓς
767 1519 1052 1583 ἐκέλευσε
1091 1515 1164 1602 τῇ
1195 1507 1358 1601 αὐτῇ
1389 1512 1598 1601 ἡμέρᾳ
1635 1512 1916 1576 καλέσαι.
1996 1509 2204 1575 ἰστέον
2234 1512 2335 1592 δὲ,
2376 1504 2469 1575 ὅτι

309 1615 371 1681 οἶ
404 1618 524 1699 μὲν
551 1620 866 1703 πατρίκιοι
901 1618 1012 1679 καί
1045 1611 1103 1678 οἱ
1147 1614 1477 1697 κληθέντες
1527 1607 1796 1687 ἅπαντες
1840 1605 2214 1696 ἦλλαγμένοι
2266 1611 2756 1695 ciebo-3421„

299 1739 526 1799 χονται
569 1718 658 1790 εἰς
695 1714 768 1779 τὸ
816 1712 1156 1800 κλητώριον
1188 1704 1337 1776 ἄνευ
1385 1712 1757 1793 χλανιδίων,
1815 1710 1874 1775 οἱ
1923 1711 1994 1774 δὲ
2043 1712 2157 1773 τοῦ
2204 1714 2469 1791 κουβου-

231 1817 517 1886 ιὸκλείου
560 1804 892 1897 ἄρχοντες,
951 1814 1291 1901 φοροῦντες
1325 1807 1599 1894 ἅληθινοὶ
1644 1807 1868 1894 σαγία,
1928 1812 2011 1898 τῇ
2053 1804 2215 1898 αῦτῇ
2260 1807 2469 1899 ἡμέρᾳ

304 1915 553 1978 τελοῦσι
590 1912 849 1977 διπλοῦν
893 1909 1410 1998 παραστάσιμον.
1488 1906 1619 1995 χρῆ
1654 1909 1725 1973 δὲ
1767 1910 2001 1973 εἰδέναι
2011 1959 2032 1989 ,
2075 1904 2190 1990 ὅτι,
2238 1910 2299 1972 εἰ
2343 1910 2464 1988 μὲν

305 2008 464 2098 τύχῃ
512 2014 589 2098 τῇ
630 2009 794 2097 αὐτῇ
848 2006 1053 2100 ἡμέρᾳ
1103 2009 1253 2095 οἷὴρ,
1300 2006 1657 2073 διοδεύουσι
1701 2006 1807 2071 διὰ
1849 2010 1963 2071 τοῦ
2018 2007 2311 2091 ἐμβόλου,
2358 2010 2470 2073 καί

304 2104 678 2195 ἆνέρχονται
718 2112 787 2175 ἐν
831 2112 918 2198 τῷ
956 2111 1064 2173 τοῦ
1111 2106 1312 2196 φόρου
1358 2102 1619 2196 σινάτῳ,
1674 2107 1785 2172 καί
1823 2110 2073 2173 ἵσταται
2113 2107 2465 2187 α’ντιμίσιον

304 2205 428 2273 οἷνοὶ
457 2206 696 2290 μεταξύ
727 2211 842 2273 τοῦ
878 2206 1134 2274 σινάτου
1156 2260 1178 2290 ,
1232 2206 1342 2272 καὶ
1373 2215 1545 2272 τελεῖ
1572 2205 1652 2272 τὰ
1693 2202 1941 2273 ἅπαντα
1975 2209 2171 2273 ἐκεῖσε
2192 2257 2213 2289 ,
2253 2197 2345 2270 ὧν
2381 2204 2463 2270 οἷ·-

223 2307 614 2381 ςιοκολούθως
649 2306 987 2393 εἰρήκαμεν
1000 2357 1020 2388 ,
1086 2306 1198 2372 καὶ
1252 2305 1437 2371 πάλιν
1485 2305 1591 2371 διὰ
1633 2309 1747 2371 τοῦ
1801 2300 2002 2371 αῦτοῦ
2041 2305 2315 2389 ἐμβόλου
2349 2330 2463 2369 κα-

298 2409 583 2492 τέρχεται
621 2409 732 2472 καί
769 2408 886 2471 τοῦ
918 2407 1193 2490 λαύσου,
1236 2410 1346 2472 καί
1374 2403 1706 2493 ἀριστερὸν
1739 2409 2055 2489 ἐκκλίνας,
2118 2405 2464 2493 ἀπέρχεται

294 2505 384 2581 εἰς
413 2504 491 2570 τοὶ
525 2503 1012 2592 χαλκοπράτεια.
1094 2509 1315 2589 ἰστέον,
1358 2502 1460 2571 ὅτι
1490 2511 1692 2572 ταῦτα
1729 2505 1929 2572 πάντα
1963 2513 2258 2589 τελεῖται,
2296 2502 2456 2590 πλὴν
2484 2532 2526 2584 B

298 2603 336 2667 ὅ
386 2603 686 2687 βασιλεὺς
719 2606 834 2669 οὐκ
877 2600 1216 2693 οἷνέρχεται
1247 2607 1481 2692 νυνί,ἕν
1527 2615 1657 2683 τοῖς
1688 2607 2258 2692 κατηχουμενείοις,
2317 2605 2458 2669 ἀλλ’

298 2704 390 2779 εἷς
428 2703 543 2787 τὴν
586 2703 884 2790 τροπικὴν
933 2700 1132 2782 ἑστώς
1183 2708 1295 2790 τῆς
1346 2703 1529 2789 ἁγίας
1586 2709 1814 2793 σοροῦ,
1889 2706 2084 2770 ἐκεῖσε
2132 2711 2303 2770 τελεῖ
2342 2702 2457 2789 τὴν

425 2838 481 2895 8.
516 2825 581 2891 τδ
616 2850 875 2915 χρυσοτρ.
907 2840 991 2893 ed.
1098 2846 1176 2899 18·
1211 2841 1471 2897 ἵστανται
1503 2839 1589 2893 ed.
1705 2860 1782 2912 ¹9·
1805 2842 2046 2894 τελεῖται
2079 2836 2178 2893 ἅττ.
2215 2840 2359 2898 coni.
2392 2842 2454 2931 R·

282 2964 502 3030 portam
539 2961 729 3030 templi
757 2963 976 3014 Domini
1006 2969 1340 3032 exspectant.
1408 2963 1741 3034 Imperatore
1766 2969 1978 3033 portam
2012 2962 2284 3031 ingresso,
2331 2977 2455 3013 eam

285 3028 618 3081 cubicularii
653 3032 996 3097 mstodiunt,
1033 3040 1090 3084 et
1129 3033 1368 3085 faustum
1401 3049 1463 3083 ac
1494 3033 1816 3086 diuturnum
1855 3033 2148 3105 imperium
2170 3033 2222 3083 ei
2256 3048 2454 3101 appre-

285 3108 495 3153 cantur.
571 3102 916 3173 praepositus
946 3102 1014 3154 ab
1050 3104 1397 3173 hperatoris
1430 3105 1609 3173 capite
1641 3120 1892 3155 coronam
1941 3102 2140 3166 demit,
2186 3103 2283 3173 qui
2313 3110 2453 3153 tem-

280 3171 434 3240 plum
472 3172 697 3222 Domini
757 3174 1024 3242 ingressus
1067 3191 1301 3245 cumque
1332 3174 1499 3225 cereis
1525 3175 1759 3226 accensis
1790 3181 2065 3245 precatus,
2104 3189 2195 3223 eos
2219 3189 2455 3243 praepo-

283 3241 386 3291 sito
418 3243 591 3294 tradit
623 3259 833 3316 perque
866 3247 1107 3313 porticus
1131 3245 1353 3297 Domini
1380 3245 1719 3298 triconchum
1749 3246 1934 3306 intrat,
1972 3242 2170 3295 deinde
2198 3260 2298 3312 per
2324 3261 2454 3314 por-

279 3310 413 3362 ticus
439 3312 801 3384 qnadraginta
832 3324 1142 3366 sanctorum
1174 3316 1244 3366 ad
1275 3332 1501 3366 aureum
1539 3316 1838 3367 triclinium
1871 3315 2018 3379 abit,
2067 3314 2281 3383 patricii
2323 3330 2451 3368 vero

280 3388 335 3430 et
363 3384 527 3433 ceteri
561 3400 662 3452 per
700 3385 924 3436 ianuam
973 3387 1171 3436 aerarii
1219 3387 1520 3437 lausiacum
1571 3386 1970 3455 ingrediuntur.
2052 3386 2324 3455 Tempore
2369 3404 2471 3456 ap..

278 3451 717 3536 propinquante³
772 3458 1075 3525 Imperator
1115 3456 1365 3526 procedit
1412 3474 1645 3528 cumque
1674 3455 2022 3528 proceribus,
2075 3472 2211 3527 quos
2254 3471 2319 3507 eo
2363 3458 2456 3514 die

281 3529 501 3571 invitari
525 3532 776 3589 iusserit,
822 3528 1098 3596 pretiosae
1142 3543 1360 3579 mensae
1411 3544 1542 3578 suae
1573 3528 1791 3580 assidet.
1882 3526 2288 3580 Observandum
2323 3544 2452 3583 vero

282 3597 396 3652 est,
432 3593 688 3660 patricios
720 3603 778 3647 et
814 3599 1065 3649 convivas
1115 3615 1302 3650 omnes
1331 3597 1390 3648 in
1420 3600 1730 3650 mutatoriis
1768 3599 1887 3650 sine
1923 3598 2124 3650 tunicis
2155 3596 2227 3648 ad
2263 3600 2453 3667 epulas

279 3661 469 3742 venire
488 3700 504 3725 ‚
541 3663 793 3749 cubiculo
816 3683 945 3719 vero
974 3669 1281 3739 praefectos
1308 3669 1450 3737 sagis
1483 3668 1662 3721 rubris
1695 3668 1915 3721 indutos
1936 3708 1951 3733 ,
1990 3668 2262 3790 duplicem
2291 3685 2453 3736 para..

278 3737 561 3782 stasimum
592 3750 656 3786 eo
690 3736 780 3788 ὼε
806 3736 1004 3802 facere,
1041 3755 1136 3790 seu
1169 3738 1255 3790 bis
1284 3739 1498 3792 solenni
1525 3741 1634 3791 ritu
1669 3739 1987 3811 Imperatori
2013 3757 2043 3789 a
2086 3748 2243 3791 stare.
2289 3740 2454 3795 Prae-

276 3806 459 3864 terea,
494 3804 540 3852 si
574 3820 669 3857 aer
700 3823 766 3857 eo
793 3807 883 3859 die
922 3808 1176 3861 turbidus
1203 3817 1306 3874 est,
1337 3826 1437 3878 per
1465 3811 1738 3879 porticum
1771 3811 1842 3862 ad
1870 3819 2117 3862 senatum
2147 3808 2276 3880 (hoc
2299 3814 2452 3865 aedi..

274 3872 385 3922 ficii
411 3889 608 3926 nomen
652 3879 759 3949 est)
797 3879 858 3930 in
897 3880 1020 3931 foro
1061 3881 1297 3941 abeunt,
1352 3889 1408 3932 et
1448 3881 1836 3933 antimensium
1875 3882 1933 3932 in
1968 3888 2157 3932 senatu
2206 3892 2451 3949 ponunt,

272 3950 449 3992 cetera
481 3946 697 4010 omnia,
733 3965 875 4019 quae
915 3949 1183 4003 hactenus
1215 3951 1408 4001 ordine
1434 3955 1815 4021 exposuimus,
1853 3951 2225 4013 observantur,
2263 3959 2320 4001 et
2343 3957 2451 4006 Im-

266 4020 487 4080 perator
530 4032 718 4068 rursus
752 4035 853 4100 per
882 4021 1113 4073 candem
1153 4022 1421 4090 porticum
1447 4039 1655 4143 pergae
1683 4024 1894 4075 lausum
1930 4022 2241 4084 descendit,
2289 4032 2346 4074 et
2372 4026 2449 4075 si-

268 4083 593 4136 nistrorsum
640 4088 944 4152 inclinans,
999 4090 1071 4142 ad
1113 4091 1482 4161 chalcopratia
1518 4110 1548 4143 a
1593 4095 1648 4146 it,
1740 4092 2051 4156 Sciendum,
2086 4092 2221 4144 haec
2264 4097 2448 4145 omnia

265 4151 580 4218 observari,
628 4165 1017 4234 praeterquam
1057 4162 1210 4235 quod
1255 4164 1558 4235 Imperator
1601 4180 1748 4217 nunc
1787 4164 1858 4217 ad
1911 4163 2295 4219 catechumena
2336 4180 2448 4218 non
