3050 4900
282 0 851 58 Εά.1,.253ι)“ιελθών
888 0 997 50 δια
1045 0 1160 48 τοῦ
1202 0 1417 67 μιλιόυ
1457 0 1586 59 τοῖς
1628 0 1990 68 αρτοποιοῐς
2029 0 2474 67 παρηγγειλεν,
2530 5 2768 69 αρτονς

572 88 732 173 μήτε
766 92 966 150 ποιεῖν
990 134 1008 165 ,
1066 86 1227 168 μήτε
1261 85 1352 159 εἷς
1380 76 1619 167 ἇγοράν
1648 83 2091 167 προτίθεσθαι.
2168 78 2453 145 ἄνελθών
2484 84 2556 145 δὲ
2576 84 2647 147 ἐν
2675 84 2764 169 τῷ

574 182 855 272 παλατίῳ
891 186 1003 248 καί
1038 181 1189 259 τούς
1218 183 1449 256 παῖδας
1479 182 1827 261 εΡωμανοῢ
1861 183 1979 243 τοῦ
2008 182 2316 261 βασιλέως
2341 184 2490 261 μεθ’
2526 177 2763 245 ἑαυτοῦ

574 278 809 366 λαβώνρ
852 280 958 347 διὰ
992 286 1117 346 τῶν
1158 273 1287 345 ἅνω
1322 281 1703 362 διαβατικῶν
1742 281 2055 362 κατῆλθεν
2094 280 2164 344 ἐν
2199 282 2278 363 τῇ
2307 280 2595 368 ἐκκλησίᾳ
2620 276 2798 368 οἳρᾳὸ

576 383 860 467 ἀρίστου,
899 379 989 465 μή
1027 373 1199 456 ὄντος
1230 382 1345 443 τοῦ
1386 381 1553 443 λαοῦ
1592 381 1662 443 ἐν
1700 380 1778 466 τῇ
1813 380 2125 467 ἐκκλησιζι,
2167 375 2279 442 καὶ
2313 379 2763 463 παρακαλέσας

576 481 702 546 τὸν
726 478 1069 566 μάγιστρον
1110 472 1263 565 ἦρεν
1303 481 1414 563 τῆς
1454 479 1815 561 ἐκκλησίας,
1876 480 1987 543 καί
2027 478 2393 542 ἀπέστειλεν
2432 480 2502 543 ἐν
2537 481 2623 566 τῷ
2666 476 2763 543 οἴ·-

577 605 665 669 mg)
709 580 915 643 αὐτοῦ
936 625 955 642 .
1035 581 1150 644 τοῦ
1204 580 1274 643 δὲ
1338 580 1495 641 λαοῦ
1553 574 1627 639 τὸ
1676 573 1945 641 δειλινὸν
1985 575 2281 651 ἐλθόντος
2319 578 2389 640 ἐν
2425 577 2505 663 τῇ
2543 579 2763 662 ἐκκλη-

576 682 684 768 σίᾳ
750 674 860 740 καὶ
894 675 1000 742 τὸν
1038 675 1384 762 μάγιστρον
1423 674 1513 759 μὴ
1559 672 1887 761 εὖρόντων,
1930 679 2373 760 ταραχθέντες,
2414 678 2659 757 μᾶλλον
2686 678 2761 741 δὲ

575 775 871 860 μανέντες
885 786 923 857 ‚‘
965 770 1215 856 άτιζιιοις
1255 785 1492 862 φωναῖς
1536 775 1696 861 πρὸς
1733 772 1844 839 τὸν
1883 765 2279 859 πατριάρχην
2321 774 2430 839 καὶ
2461 771 2531 840 τὰ
2577 776 2834 861 ἱερά-ιο

576 885 742 941 τεῖον
787 878 1083 960 ἐχρῶντο,
1129 874 1213 953 ὥς
1256 872 1357 940 ὅτι
1398 881 1550 960 παρ’
1593 870 1808 939 αὖτῶν
1848 873 2185 960 προεδόθη,
2230 877 2339 939 καί
2376 874 2647 938 λιθάσαι
2687 876 2756 937 ἐ-

524 973 1255 1062 Βπεχειρουνῖτούςτοῦ
1314 975 1582 1060 κλήρου.
1667 969 1700 1036 ὅ
1746 976 1818 1037 δὲ
1874 973 2270 1060 πατριάρχης
2310 974 2756 1057 ἐδηλοποίησεν

574 1072 686 1140 τὸν
724 1070 1088 1160 μάγιστρον,
1133 1075 1341 1138 ἐλθεῖν
1383 1077 1451 1138 ἐν
1492 1076 1570 1160 τῇ
1613 1075 1904 1161 ἐκκλησίᾳ
1944 1072 2054 1136 καί
2090 1074 2450 1156 εἷρηνεῦσαι
2483 1069 2597 1137 τὸν
2642 1077 2757 1136 λα-

577 1172 685 1238 όν.
757 1172 812 1235 «ὅ
869 1175 940 1236 δὲ
995 1174 1434 1257 ἐδηλοποίησεν
1494 1175 1685 1236 τοῦτο
1747 1169 1859 1236 τὸν
1913 1170 2521 1258 παρακοιμιόμενον·
2605 1168 2639 1235 ὃ
2682 1172 2757 1234 δὲ

577 1272 690 1336 οῦκ
733 1274 1078 1355 ἐπέτρεψεν
1116 1274 1317 1337 τοῦτο.
1400 1270 1588 1355 γνοῦς
1629 1273 1700 1334 δὲ
1738 1274 1923 1335 τοῦτο
1965 1271 1999 1335 o‘
2042 1268 2231 1352 λαός,
2275 1270 2477 1359 ζήλῳ,
2539 1265 2627 1346 ὥς
2665 1264 2836 1333 sit-15

575 1394 811 1452 πωμεν,
851 1373 1007 1459 θείῳ
1052 1370 1407 1455 φερόμενοι,
1455 1369 1515 1434 οἱ
1553 1373 1673 1450 μὲν
1715 1367 1875 1456 πρὸς
1913 1369 2025 1434 τὸν
2065 1366 2234 1434 οἷκον
2276 1374 2389 1435 τοῦ
2430 1367 2756 1455 πανιευφήω

575 1494 701 1551 μου
743 1469 1090 1554 μαγίστρου
1137 1465 1403 1533 ἀπίεσαν
1446 1471 1728 1554 φυλάξαι
1769 1473 1996 1534 τοῦτον
2037 1470 2595 1551 άνεπιβούλευτον·
2689 1467 2755 1531 οἱ

579 1570 651 1632 δὲ
696 1571 945 1643 πλείους
988 1570 1054 1631 ἐν
1106 1572 1180 1655 τῇ
1222 1567 1513 1657 ἐκκλησία
1557 1568 2114 1649 ἐναπομείναντες,
2181 1567 2383 1632 πάντα
2443 1563 2519 1630 τὰ
2560 1566 2629 1630 ἐν
2668 1568 2752 1651 τῇ

577 1665 869 1754 ἐκκλησίᾳ
910 1669 979 1730 ἐκ
1022 1669 1222 1745 ξύλων
1265 1665 1458 1750 σκεύη
1502 1662 1666 1732 ὅπλα
1707 1665 2102 1751 χρησάμενοι
2130 1716 2148 1748 ,
2192 1670 2455 1751 ἐξῆλθον
2494 1668 2609 1749 τῆς
2647 1666 2753 1729 ἐκ-

579 1768 871 1850 κλησίας,
936 1763 1047 1829 καί
1080 1774 1210 1840 τοῖς
1251 1760 1664 1852 οἷνταίρουσιν
1703 1768 2194 1852 προσβάλλοντες
2215 1819 2234 1849 ‚
2279 1764 2833 1851 παρατεταγμέ-αο

577 1890 706 1943 νοις
747 1857 925 1931 οὖσιν
966 1867 1035 1930 ἐν
1076 1859 1287 1941 ὅπλοις
1328 1865 1702 1932 Μακεδόσιν
1742 1868 1855 1933 καὶ
1893 1863 2319 1949 αἰχμαλώτοις
2374 1865 2498 1930 τῶν
2551 1859 2752 1948 Ἀγά-

580 2049 995 2121 colloquebatur
1033 2049 1114 2101 ibi
1152 2067 1274 2101 cum
1312 2050 1436 2121 ipso
1473 2058 1531 2103 et
1579 2051 1828 2113 clericis,
1879 2050 2247 2104 descendebat
2281 2069 2498 2116 rursus,
2549 2052 2751 2103 multa-

580 2139 687 2192 que
724 2122 841 2173 dira
881 2120 1336 2172 interminabatur
1372 2138 1443 2189 po
1485 2120 1578 2172 ulo
1628 2119 1806 2192 [apud
1844 2123 2128 2174 ecelesiam
2166 2124 2366 2186 stanti,
2420 2125 2467 2174 si
2506 2129 2752 2192 pergeret

579 2191 807 2245 Bardam
864 2192 1006 2243 tueri
1030 2190 1069 2263 ‚]
1143 2200 1198 2242 et
1238 2193 1383 2242 inter
1420 2208 1447 2241 a
1478 2192 1527 2241 ia
1573 2197 1818 2244 annonae
1870 2193 2324 2262 interceptionem
2364 2194 2751 2262 exitialemque

577 2265 791 2317 famem.
865 2262 1027 2312 Extra
1081 2262 1273 2330 templi
1316 2260 1584 2313 ambitum
1636 2263 1884 2314 inscenso
1923 2281 2097 2335 equo,
2162 2264 2381 2327 abibat,
2431 2264 2641 2315 milium
2684 2278 2753 2314 ue

579 2352 674 2386 seu
731 2332 1047 2383 milliarium
1098 2332 1413 2393 traiiciens,
1467 2331 1564 2383 ubi
1606 2331 1785 2384 forum
1839 2341 1956 2385 erat
2000 2337 2325 2403 pistorium,
2385 2334 2655 2387 interdice
2696 2338 2755 2384 at

576 2403 878 2477 pistoribus
919 2404 1070 2454 omni
1124 2402 1378 2471 panificio
1416 2408 1473 2453 et
1522 2402 1866 2474 expositione
1922 2404 2195 2458 vendendi
2233 2407 2403 2474 panis.
2482 2405 2624 2457 Dein
2660 2419 2753 2455 rc-

578 2492 787 2546 gressus
839 2476 895 2524 in
947 2473 1240 2540 palatium,
1297 2476 1656 2543 assumtisque
1709 2491 1891 2526 secum
1933 2475 2060 2526 filiis
2099 2478 2323 2528 Romani
2379 2477 2592 2543 Imper.‚
2649 2473 2751 2524 de-

578 2544 872 2598 scendebat
918 2561 1015 2612 per
1066 2543 1343 2611 superiora
1396 2541 1667 2596 diabatica
1704 2561 1798 2597 seu
1848 2547 2091 2614 porticus
2153 2547 2210 2595 in
2269 2546 2551 2596 ecclesiam
2607 2544 2751 2594 circa

576 2615 892 2673 meridiem,
935 2623 1208 2683 tempore,
1245 2631 1352 2682 quo
1390 2613 1726 2682 prandetur,
1764 2612 2012 2686 adeoque
2047 2633 2208 2668 nemo
2252 2616 2398 2666 intus
2435 2620 2579 2678 erat3
2617 2612 2752 2663 hor—

576 2685 991 2753 tationibusque
1044 2693 1100 2736 et
1139 2684 1416 2753 promissis
1474 2686 1771 2754 pellectum
1819 2685 2141 2738 extrahebat
2189 2703 2253 2737 ex
2301 2684 2525 2735 ecclesis
2579 2681 2751 2751 magi-

577 2765 783 2817 strum,
839 2763 1000 2823 atque
1039 2755 1096 2805 in
1137 2770 1287 2805 suam
1352 2752 1662 2828 [magistri]
1709 2753 1927 2809 domum
1963 2755 2292 2812 remittebat.
2362 2754 2595 2823 Populus
2631 2754 2753 2804 ita-

580 2844 688 2896 que
722 2841 943 2893 vespere
984 2823 1050 2874 ad
1110 2825 1392 2876 ecclesiam
1431 2824 1650 2877 rediens
1687 2833 1743 2878 et
1776 2827 2084 2895 magistrum
2119 2843 2229 2877 non
2279 2825 2594 2887 inveniens,
2651 2840 2752 2875 ex-

583 2897 810 2956 sternati
851 2902 946 2946 aut
978 2895 1163 2963 potius
1215 2895 1410 2964 perciti
1448 2896 1662 2957 surore,
1758 2894 1994 2948 robrosis
2041 2894 2218 2946 verbis
2268 2894 2615 2947 lacessebant
2646 2911 2748 2964 pa-

582 2963 871 3018 triarcham
911 2973 966 3016 et
1007 2962 1254 3016 ordinem
1290 2978 1506 3017 omnem
1544 2912 1925 3018 saccrdbtalem
1951 3003 1966 3029 ‚
2016 2973 2078 3016 ut
2115 2967 2209 3035 qui
2247 2966 2552 3035 supplicem
2586 2980 2748 3016 suum

576 3035 956 3105 prodiderint,
1011 3042 1068 3086 et
1104 3036 1211 3086 iam
1263 3035 1628 3089 instituebant
1673 3035 1989 3088 clericorum
2034 3035 2245 3106 aliquos
2280 3040 2419 3088 saxis
2461 3039 2747 3105 impetere.

579 3104 882 3159 Patriarcha
921 3106 1086 3174 igitur
1118 3104 1457 3174 significabat
1493 3107 1745 3176 magistro
1767 3143 1781 3169 ,
1815 3105 2142 3158 veniendum
2180 3107 2285 3176 ipsi
2324 3123 2441 3159 esse
2478 3108 2536 3160 in
2572 3105 2746 3158 eccle-

583 3179 718 3228 siam
756 3175 1125 3246 populumque
1164 3193 1259 3227 sua
1297 3179 1602 3245 praesentia
1647 3176 1984 3245 placandum.
2055 3175 2315 3246 Magister
2369 3179 2488 3229 eius
2525 3176 2606 3229 rei
2639 3193 2748 3228 no—

583 3248 767 3300 titiam
819 3243 1119 3297 nceubitori
1178 3245 1344 3298 dabat
1393 3249 1609 3298 veniam
1646 3263 1848 3316 rogans.
1921 3246 2021 3298 Ille
2055 3263 2184 3298 vero
2219 3264 2330 3301 non
2366 3247 2584 3300 sinebat
2621 3262 2744 3298 eum

580 3318 752 3369 abire.
830 3313 954 3384 Quo
992 3317 1229 3386 cognito,
1304 3317 1497 3385 opulus
1537 3315 1753 3380 divin0‚
1803 3324 1867 3367 ut
1903 3315 2065 3368 modo
2101 3316 2445 3378 dicebamus,
2490 3318 2608 3370 zelo
2642 3317 2747 3368 sb-

580 3388 754 3447 latus‚
799 3402 924 3452 pars
961 3386 1032 3437 ad
1066 3385 1227 3440 aedes
1287 3386 1624 3440 audatissimi
1657 3387 1900 3453 magistri
1937 3385 2197 3452 abibant,
2248 3406 2278 3440 a
2312 3390 2476 3441 noxia
2513 3396 2570 3440 et
2602 3389 2743 3440 insi-

581 3457 686 3510 diis
727 3473 849 3507 eum
887 3457 1113 3522 tuituri3
1148 3458 1372 3526 plurimi
1408 3465 1621 3520 autem,
1658 3459 1919 3526 correptis
1941 3496 1957 3519 ,
1990 3465 2262 3530 quotquot
2299 3458 2357 3510 in
2394 3458 2621 3511 eeclesia
2656 3472 2747 3510 re-

579 3525 912 3599 periebant,
964 3526 1306 3594 lignamentis
1359 3536 1416 3580 et
1449 3529 1508 3580 in
1560 3544 1826 3580 armorum
1862 3545 2018 3579 usum
2066 3529 2367 3591 conversis,
2412 3527 2748 3581 invadebant

581 3597 856 3653 adversam
890 3607 1098 3666 partem
1119 3637 1135 3663 ‚
1171 3614 1312 3669 quse
1353 3605 1559 3651 amata
1595 3600 1656 3651 in
1691 3599 1808 3652 acie
1841 3598 2093 3651 adstabat
2119 3636 2135 3662 ‚
2201 3596 2524 3652 Macedones
2559 3599 2743 3668 capti·-
