3050 4900
646 294 755 353 DE
814 291 1202 357 OEmMoN.
1248 291 1518 355 AULAE
1561 290 1895 358 Bmmr.
1945 298 1994 357 1.
2036 299 2137 367 32.
2340 263 2496 378 173

335 446 755 535 πραιποσίτῳ.
836 447 945 509 καί
995 443 1287 511 ἀπελθών
1342 444 1375 510 ὃ
1431 439 1631 519 αὕτὸς
1689 447 2092 534 σακελλοὶριος
2143 446 2392 516 ἵσταται
2430 451 2503 515 ἕν

336 547 431 631 τῷ
464 544 662 631 μέσῳ,
702 542 815 607 καί
849 541 1059 609 πεσών
1098 542 1271 609 κάτω
1312 550 1662 630 προσκυνεῖ
1687 542 1796 609 τὸν
1831 549 2119 629 βασιλέα,
2162 549 2274 613 καί
2300 546 2499 635 ὕπερ-

340 639 684 721 ευξάμενος
736 641 968 723 αὕτόν,
1026 644 1380 729 ἐξέρχεται·
1424 645 1610 707 τοῦτο
1653 643 1723 707 δὲ
1762 648 2015 711 ποιοῦσι
2046 649 2157 710 καί
2192 643 2254 711 οἱ
2294 644 2503 710 λοιποὶ

339 735 627 821 ἅπαντες,
669 739 1102 827 εἰσερχόμενοι
1137 739 1298 823 μετὰ
1341 744 1624 827 σταυροῦ
1664 746 1811 806 καθ’
1851 742 1963 808 ἕνα
2004 742 2261 809 ἕκαστον
2287 747 2500 830 βῆλον.

291 836 453 909 5καί
485 835 757 916 ἐξελθών
795 841 984 905 πάλιν
1024 836 1057 906 ὃ
1098 838 1444 927 ὄστιάριος,
1491 838 1730 922 εἰσάγει
1770 838 1893 904 ἆπὸ
1935 839 2269 918 κελεύσεως
2305 847 2498 926 βῆλον

331 934 411 1020 γ’,
450 934 556 1002 τὸν
594 937 1037 1026 σκευοφύλακα
1078 940 1190 1024 τῆς
1224 939 1572 1024 ὖπεραγιάς
1617 939 1920 1004 Θεοτόκου
1962 943 2088 1004 τῶν
2125 944 2553 1027 βλαχερνῶνΒ

222 1070 233 1085 ·
334 1034 497 1116 μετὰ
541 1040 659 1101 τοῦ
693 1037 1159 1124 χαρτουλαρίου
1200 1041 1312 1122 τῆς
1352 1037 1539 1121 ἁγίας
1582 1040 1796 1124 σοροῦ·
1835 1042 2028 1123 βῆλον
2066 1037 2141 1119 δ’,
2180 1037 2287 1106 τὸν
2329 1046 2501 1119 ξενο-

333 1133 527 1219 δόχον
578 1140 704 1202 τῶν
745 1136 1103 1225 Θεοφίλου·
1158 1140 1354 1223 βῆλον
1393 1142 1461 1219 b,
1502 1135 1653 1213 τούς
1709 1134 2103 1224 δημοκράτας
2139 1140 2261 1204 τῶν
2299 1164 2499 1225 περαα

334 1238 524 1301 τικῶν
564 1234 799 1322 δήμων·
842 1240 1032 1322 βῆλον
1076 1234 1148 1317 ς’,
1189 1233 1296 1302 τὸν
1336 1236 1662 1321 ξενοδόχον
1701 1239 1829 1302 τῶν
1870 1240 2163 1320 σαμψῶν·
2204 1239 2394 1322 βῆλον
2426 1233 2498 1318 ζ,

251 1334 442 1405 ιοτὸν
505 1334 830 1418 ξενοδόχον
882 1340 1006 1402 τῶν
1044 1333 1377 1421 Εὐβούλου
1401 1363 1418 1382 ·
1476 1340 1669 1422 βῆλον
1709 1335 1784 1422 η’,
1846 1333 1955 1401 τὸν
1996 1336 2317 1421 ξενοδόχον
2370 1339 2497 1403 τῶν

330 1432 639 1521 Εἰρήνης·
676 1438 868 1520 βῆλον
904 1435 988 1517 θ’,
1032 1435 1141 1502 τόν
1180 1434 1508 1519 ξενοδόχον
1547 1434 1675 1501 ’τῶν
1718 1436 2015 1523 Ναρσοῦ·
2056 1438 2246 1519 βῆλον
2283 1438 2345 1518 ι’,
2386 1433 2499 1502 τὸν

333 1533 659 1618 ξενοδόχον
699 1538 825 1601 τῶν
861 1538 972 1621 τῆς
1013 1536 1198 1621 ἁγίας
1236 1533 1530 1623 Εἰρήνης·
1567 1539 1760 1621 βῆ).ον
1800 1536 1904 1615 ια’,
1946 1531 2096 1611 τούς
2131 1534 2498 1621 δημάρχους

332 1638 444 1720 τῆς
478 1639 817 1721 πολιτικῆς.
902 1631 1168 1713 ἅπαντες
1221 1637 1291 1701 δὲ
1354 1628 1530 1701 οὗτοι
1569 1636 2041 1720 εἰσερχόμενοι,
2080 1631 2497 1719 βαστάζοντες

326 1736 665 1820 σταυροὺς,
704 1737 988 1802 τελοῦσιν
1029 1731 1309 1818 ἅπαντα,
1352 1732 1439 1812 αἷς
1479 1729 1776 1820 ἀνωτέρω
1816 1732 2082 1821 εἴρηται.
2168 1734 2259 1821 (Γ
2255 1738 2303 1821 )
2346 1727 2495 1799 Εἶθ’

248 1830 526 1912 ιδοῧτως
578 1834 816 1900 κελεύει
874 1834 907 1900 o‘
963 1833 1264 1918 βασιλευς
1322 1837 1411 1922 τῷ
1464 1836 1891 1922 πραιποσίτῳ,
1947 1833 2223 1909 κάκεῖνος
2259 1836 2348 1922 τῷ
2382 1835 2492 1917 τῆς

322 1932 781 2015 καταπόσεως,
823 1930 992 2012 ὅπως
1032 1933 1182 2012 τούς
1220 1936 1288 2014 ἐξ
1329 1932 1521 2010 ἔθους
1563 1935 2041 2019 εἰσερχομένους
2082 1930 2196 1997 καί
2242 1933 2541 2014 λαμβά-(ζ

296 2055 541 2110 -νοντας
593 2033 906 2119 σταυροὺς
963 2035 1033 2099 ἐκ
1086 2036 1211 2100 τῶν
1243 2036 1480 2118 χειρῶν
1542 2036 1660 2097 τοῦ
1711 2034 2023 2116 βασιλέως
2080 2028 2490 2119 διευθετὴσῃ,

319 2127 495 2208 ὅπως
535 2134 793 2209 ἕκαστος
851 2132 1061 2198 αὐτῶν
1100 2131 1264 2199 κατὰ
1304 2130 1416 2218 τὴν
1457 2131 1660 2197 αὖτοῦ
1699 2128 1873 2211 τάξιν
1913 2133 2023 2195 καί
2057 2130 2251 2215 τιμήν
2290 2127 2490 2195 εἰσέλ·

319 2235 510 2297 θωσι.
591 2228 705 2295 καί
742 2232 1134 2316 εἰσέρχονται
1171 2232 1485 2316 πατρίκιοι
1502 2281 1523 2313 ,
1583 2234 1647 2296 εἰ
1682 2231 1927 2314 τύχωσι
1946 2281 1968 2312 ,
2003 2232 2115 2295 καί
2152 2230 2490 2315 στρατηγοὶ

242 2328 430 2401 noxas*
487 2327 550 2394 οἱ
598 2322 906 2415 ἄρχοντες
943 2333 1060 2395 τοῦ
1120 2331 1561 2413 κουβουκλείου
1578 2380 1600 2411 ,
1662 2331 2021 2412 δομέστικοί
2050 2351 2119 2392 τε
2158 2325 2268 2393 καί
2306 2324 2366 2392 οἱ
2402 2325 2479 2393 τὰ

318 2432 534 2516 πρῶτα
580 2427 856 2518 ὄφφίκια
896 2435 1258 2515 κατέχοντες
1299 2433 1413 2496 καί
1449 2433 1887 2516 τοποτηρηταί,
1930 2425 1991 2493 οἱ
2023 2423 2314 2512 συνήθως
2354 2429 2486 2493 sio·-

318 2528 654 2615 ερχόμενοι
716 2528 943 2606 πάντες
1000 2531 1070 2595 ἐν
1125 2526 1225 2596 ἓνί
1269 2530 1439 2619 βὴλῳ
1501 2526 1813 2613 στιχηδόν.
1911 2527 2223 2593 πεσόντων
2264 2529 2335 2592 δὲ
2375 2528 2488 2590 καί

322 2627 878 2713 προσκυνησάντων
915 2627 1023 2695 τὸν
1055 2630 1323 2713 βασιλέα
1342 2681 1362 2710 ,
1405 2631 1772 2694 ἐπιδίδωσιν
1806 2623 1904 2694 ἔνι’
1942 2622 2176 2715 ἑκάστῳ
2218 2626 2253 2691 ὃ
2296 2631 2483 2707 βασι-

327 2723 475 2802 λεύς
514 2725 630 2792 ἀνὰ
671 2720 1093 2815 σταυρόνὲνα
1111 2778 1134 2809 ,
1202 2730 1315 2794 καί
1348 2724 1842 2815 ὖπερευξάμενοι
1894 2723 2003 2793 τόν
2041 2728 2343 2810 βασιλέα,
2385 2725 2498 2814 ἕξ-ι

467 2893 517 2963 4.
557 2899 677 2947 κατ’
708 2895 806 2951 ἕνα
839 2897 926 2950 ed.
1076 2914 1151 2965 ¹7·
1192 2895 1512 2968 διευθετίσῃ
1551 2896 1634 2948 ed.

318 3048 501 3115 posito
541 3047 667 3112 dat,
702 3050 798 3101 ille
846 3058 976 3102 tunc
1014 3057 1071 3102 et
1124 3049 1367 3111 reliquas
1418 3067 1600 3103 cruces
1639 3050 1958 3120 Imperatori
2007 3049 2191 3111 offert,
2243 3048 2338 3117 qui
2393 3062 2483 3099 eas

317 3117 609 3181 osculatus,
648 3122 959 3190 praeposito
995 3119 1178 3173 tradit.
1255 3121 1578 3173 Sacellarius
1612 3119 1894 3173 discedens
1919 3120 1977 3171 in
2009 3117 2192 3169 medio
2217 3116 2483 3179 subsistit,

318 3195 376 3239 et
408 3190 803 3255 procumbens,
838 3193 1225 3259 Imperatorem
1263 3191 1488 3255 adorat,
1525 3192 1688 3262 eique
1727 3192 1912 3243 felicia
1947 3195 2295 3258 apprecatus‚
2333 3186 2481 3239 abit:

314 3254 419 3309 boc
452 3258 602 3311 idem
652 3260 883 3330 reliqui,
937 3279 1057 3312 cum
1099 3278 1255 3313 cruce
1302 3263 1361 3314 in
1405 3278 1739 3332 unoquoque
1777 3262 1898 3313 velo
1957 3258 2213 3329 ingressi,
2259 3258 2481 3309 faciunt.

318 3327 586 3383 Ostiarius
624 3349 654 3382 a
688 3331 939 3384 mandato
979 3349 1158 3383 rursus
1197 3349 1466 3400 egressus,
1503 3332 1684 3384 velum
1719 3334 1977 3393 tertium,
2014 3327 2291 3382 custodem
2322 3344 2483 3380 vaso-

316 3414 434 3449 rum
472 3411 844 3454 sacrosanctae
867 3402 1138 3470 Deiparae
1177 3402 1237 3453 in
1271 3402 1577 3454 blachernis
1619 3419 1739 3454 cum
1775 3401 2101 3455 chartulario
2123 3402 2173 3452 S.
2215 3398 2481 3467 Sepulcri,

316 3476 599 3537 quartum,
655 3469 1043 3541 hospitalarem
1099 3471 1429 3542 Theophili,
1483 3473 1765 3555 quintum,
1817 3471 2090 3542 principes
2149 3471 2480 3533 factionum,

317 3548 544 3605 sextum,
580 3540 971 3611 hospitalarem
1011 3542 1341 3613 sampsonis,
1375 3551 1683 3611 septimum,
1721 3540 2104 3611 hospitalarem
2137 3540 2374 3602 Eubuli,
2411 3555 2482 3590 o-

316 3615 542 3673 ctavum,
578 3609 964 3681 hospitalarem
992 3613 1192 3676 henes,
1214 3631 1435 3677 nonum,
1468 3611 1883 3682 hospitalarium
1904 3612 2164 3676 Narsetis,
2187 3611 2477 3673 decimum,

225 3723 235 3733 .
313 3676 701 3749 hospitalarem
740 3684 794 3735 S.
831 3685 1044 3746 irenes,
1080 3684 1423 3736 undecimum
1460 3684 1673 3747 velum,
1708 3692 1981 3736 senatores
2018 3684 2197 3747 urbis,
2234 3680 2473 3734 adducit.

314 3747 385 3799 111
421 3767 630 3815 omnes,
665 3770 785 3805 cum
822 3754 1069 3806 crucibus
1107 3756 1350 3824 ingressi,
1391 3771 1471 3818 ea,
1502 3770 1643 3824 quae
1675 3770 1834 3824 supra
1870 3755 2284 3814 observavimus,
2314 3766 2477 3821 pera-

315 3828 461 3901 gunt.
533 3819 675 3894 (111.)
747 3822 870 3894 Quo
911 3824 1074 3887 facto,
1110 3826 1408 3894 Imperator
1443 3824 1839 3893 praepositum,
1899 3823 1991 3876 hic
2040 3821 2477 3876 cerimoniarium

315 3888 507 3954 subet,
566 3902 631 3945 ut
678 3909 778 3962 pro
824 3912 974 3947 more
1022 3893 1337 3947 accedentes
1385 3910 1679 3965 crucesque
1727 3913 1793 3947 ex
1839 3896 2180 3964 Imperatoris
2224 3890 2475 3944 manibus

316 3969 582 4014 sumturos
625 3980 724 4015 suo
762 3965 952 4019 ordine
994 3963 1252 4028 collocet,
1302 3973 1362 4017 ut
1397 3965 1598 4034 singuli
1639 3966 1933 4018 secundum
1979 3964 2225 4018 ordinem
2269 3980 2331 4014 ac
2382 3960 2478 4011 di·-

315 4032 582 4098 gnitatem
618 4051 766 4086 suam
800 4035 1181 4105 ingrediantur.
1226 4036 1336 4098 Sic,
1376 4037 1420 4087 si
1457 4035 1671 4099 adsunt,
1695 4037 1932 4106 patricii,
1957 4037 2196 4104 strategi,
2222 4029 2475 4086 cubiculo

314 4102 609 4168 praerecti,
649 4103 965 4170 domestici,
1014 4108 1207 4176 primis
1259 4106 1456 4158 officiis
1495 4105 1700 4160 admoti
1737 4116 1795 4160 et
1841 4107 2065 4168 vicarii,
2119 4104 2314 4172 singuli
2372 4116 2471 4168 pro

312 4183 482 4237 more,
518 4174 581 4229 in
616 4191 946 4248 unoquoque
983 4177 1105 4236 velo
1161 4177 1233 4232 ad
1281 4177 1672 4250 Imperatorem
1717 4179 1939 4238 intrant.
2007 4176 2300 4250 Postquam
2343 4185 2473 4229 vero
