3050 4900
552 818 696 885 Ex
754 807 1470 880 ADVERSARIIS
1535 803 2175 871 LEICHIANIS.

774 1342 843 1377 D}
876 1342 1102 1379 SCRIP'H!
1140 1340 1489 1381 cornuum
1532 1341 1998 1385 mnnwnutn.

283 1456 662 1589 collegisse
689 1508 921 1570 multos
961 1509 1150 1571 libros
1191 1520 1252 1571 et
1291 1511 1435 1573 inde
1474 1520 1752 1595 excerpta
1792 1510 1922 1574 fleri
1970 1531 2213 1573 curasse
2251 1510 2475 1573 dicitnr

360 1591 628 1673 praefat.
672 1592 757 1652 ad
790 1594 1095 1675 Excerpta
1150 1595 1364 1676 Legat.
1419 1594 1514 1655 ed.
1559 1593 1877 1656 Hoeschel.
1938 1593 2118 1655 Conf.
2166 1596 2357 1677 praef.
2397 1594 2477 1655 ad

370 1675 626 1736 Contin.
671 1676 956 1760 Theoph.
1000 1700 1067 1759 p.
1099 1699 1156 1744 2.
1197 1678 1422 1760 Script.
1548 1689 1605 1738 st
1642 1677 2001 1759 Theophan.

290 1756 700 1819 Constantino
756 1760 1065 1843 Porphyr.
1114 1761 1421 1822 dedicavit
1522 1762 1537 1776 ’
1597 1763 1793 1821 oriam
1856 1780 2030 1823 suam
2069 1761 2364 1822 Genesius
2402 1759 2481 1820 de

380 1843 515 1900 vita
557 1842 760 1903 Basilii
802 1844 1188 1927 aliorumque
1230 1846 1700 1926 Imperatorum.

298 1920 587 1984 Delectus
625 1925 830 2008 legum
872 1929 1362 2011 compendien-ius
1405 1948 1476 1987 ex
1517 1929 1721 1989 Instit.
1762 1928 2027 2011 Digestis
2068 1938 2185 1990 etc.
2229 1948 2480 2009 compo·-

374 2008 533 2151 ἷξε
562 2008 653 2153 ΞΒ
676 2011 833 2093 Imp.
867 2013 1073 2154 Lgone
1110 2010 1477 2096 philosopho
1524 2022 1586 2072 et
1612 2012 1924 2077 Constant.
1950 2011 2262 2096 Porphyr.
2295 2012 2482 2072 Lam-

501 2134 519 2151 .
622 2135 642 2152 .
684 2094 772 2155 V.
812 2115 867 2156 c.
957 2137 977 2156 .

293 2171 373 2232 ln
414 2174 557 2235 cod.
588 2176 821 2238 LXIV.
850 2177 1007 2242 Bibl.
1035 2180 1307 2242 venetae
1334 2177 1763 2262 compendium
1803 2189 1996 2241 exstat
2032 2176 2235 2262 legum
2262 2175 2487 2238 Leonis

379 2268 447 2318 et
489 2258 915 2339 Constantini,
957 2265 1253 2345 scriptum
1292 2284 1396 2324 an.
1449 2262 1625 2348 1175.

294 2336 696 2424 Theophanis
756 2344 1051 2428 Synopsis
1096 2346 1550 2430 compendiaria
1605 2346 1753 2407 artis
1792 2345 2063 2406 medicae
2099 2366 2284 2407 suasu
2322 2343 2482 2426 Imp.

385 2424 772 2488 Constantini
812 2428 1126 2515 Porphyr.
1168 2453 1239 2493 ex
1281 2431 1553 2492 Oribasii
1591 2431 1975 2513 potissimum
2021 2431 2259 2513 scriptis
2299 2426 2485 2490 colle-
2593 2511 2596 2514 Ι

386 2521 489 2570 cta
548 2522 611 2572 et
661 2512 729 2571 in
769 2525 1000 2595 septem
1043 2515 1234 2577 libros
1295 2513 1509 2578 divisa.
1549 2513 1832 2577 Lambec.
1875 2512 1975 2592 24.
2015 2535 2253 2574 manus.
2298 2511 2486 2573 iurid.

388 2594 556 2655 conf.
588 2595 690 2658 25.
718 2605 781 2655 et
807 2597 1115 2680 Wegelini
1147 2592 1391 2669 ἔκδυσις
1419 2608 1480 2659 et
1501 2597 1753 2658 Fabrie.
1777 2596 1857 2657 ad
1884 2595 2077 2658 Allat.
2107 2597 2187 2658 de
2215 2594 2456 2660 Psellis.

305 2675 499 2740 Pselli
540 2681 817 2760 synopsis
862 2683 1010 2743 artis
1047 2682 1320 2744 medicae
1358 2681 1438 2742 ad
1467 2682 1938 2743 Constantinum
1973 2682 2040 2742 in
2061 2678 2493 2743 Escurialensi.

407 2761 740 2822 Montfauc.
784 2766 851 2823 in
890 2764 1052 2826 Bibl.
1098 2768 1408 2827 Manuscr.
1447 2786 1508 2847 p.
1549 2763 1694 2828 623.

325 2844 695 2906 muratorius
733 2847 810 2908 Τ.
840 2848 922 2911 11.
951 2849 1099 2911 Ant.
1139 2849 1281 2910 Ital.
1323 2850 1471 2910 diss.
1516 2846 1623 2909 26.
1665 2857 1940 2909 recenset
1979 2857 2256 2908 auctores
2296 2845 2495 2905 Tacti-

412 2948 518 2988 cos
544 2927 941 2992 Bibliothecae
966 2931 1410 2993 Ambrosianae
1436 2932 1696 2992 ineditos
1724 2974 1745 3010 ‚
1787 2932 1949 2992 inter
1984 2951 2139 3013 quos
2166 2939 2498 2991 occurrunt

409 3008 797 3091 Ναυμαχικά
848 3012 1125 3089 Λέοντος
1156 3060 1177 3095 ,
1218 3016 1465 3078 inedita.
1550 3007 1949 3093 Ναυμαχικά
1981 3007 2159 3094 παρὰ
2196 3008 2499 3073 Βασιλεί-

405 3112 488 3154 ου
525 3092 852 3178 πατρικίου
880 3095 994 3158 καὶ
1038 3093 1636 3182 παρακοιμωμένου.
1721 3097 1797 3158 ln
1837 3095 1960 3155 alio
2004 3095 2213 3156 codice
2255 3095 2305 3156 I
2334 3093 2498 3154 Tat-

400 3179 519 3240 tici
551 3176 627 3238 di
670 3178 1089 3244 Constantino
1142 3183 1734 3287 Porphyrogeneta.
1813 3178 2110 3241 Eiusdem
2155 3171 2306 3261 περὶ
2343 3197 2501 3238 ναυ-

400 3258 647 3340 μαχίας
683 3257 1221 3346 στρατηγημάτων
1257 3261 1765 3346 και’πειρατικῆς
1814 3272 1934 3324 etc.

318 3344 572 3405 Tactica
624 3348 755 3407 sine
795 3350 1055 3426 ⁴nomine
1073 3392 1092 3427 ‚
1239 3371 1311 3411 ae
1363 3351 1430 3409 in
1486 3347 1696 3408 codice
1752 3346 2126 3408 Laurentino
2173 3353 2504 3407 occurrunt

406 3430 771 3506 (Montfauc.
801 3431 885 3492 T.
913 3433 959 3496 1.
987 3453 1047 3514 p.
1072 3371 1237 3512 δῆἳς
1268 3442 1411 3493 sunt
1447 3430 1829 3492 Constantini
1863 3429 2044 3513 Imp.'

320 3508 421 3571 'Ut
460 3511 894 3576 Constantinus
927 3516 1224 3577 nonnulla
1257 3517 1337 3577 de
1362 3535 1434 3576 re
1468 3513 1718 3575 militari
1748 3514 2027 3596 scripsit,
2085 3514 2172 3574 ita
2200 3511 2354 3595 Imp.
2379 3511 2504 3572 Ma-

408 3595 703 3657 ximiliani
767 3596 911 3658 libri
1015 3598 1249 3681 len-ique
1303 3599 1384 3660 ad
1430 3600 1817 3661 venationem
1880 3607 1944 3660 et
1989 3617 2123 3658 rem
2178 3594 2506 3658 militarem

408 3682 738 3758 pertinent.
823 3621 1109 3747 Lamssec.
1147 3705 1208 3766 p.
1256 3680 1388 3746 183.

327 3757 640 3845 Anonymi
678 3764 1161 3827 additamentum
1218 3767 1299 3827 ad
1339 3765 1719 3827 Constantia.
1766 3763 1846 3826 de
1893 3764 2156 3848 imagine
2199 3760 2509 3824 Edessena

415 3856 505 3906 est
535 3850 600 3907 in
631 3848 775 3914 cod.
830 3848 927 3929 14.
957 3850 1231 3912 L.V111.
1260 3849 1549 3910 Lamban.

328 3927 585 3991 Romani
622 3943 685 3993 et
708 3932 1096 3995 Constantini
1121 3933 1594 3994 constitutiones
1627 3929 2060 3995 ecclesiasticae
2093 3932 2161 3994 in
2186 3928 2343 3993 Bibl.
2366 3926 2512 3990 Am·

402 4011 716 4079 hrosiana.
748 4036 813 4080 v.
847 4016 1186 4081 Montffiuc.
1213 4015 1372 4083 Bibl.
1419 4017 1731 4078 Manuscr.
1763 4037 1832 4101 p.
1849 4014 2001 4078 623.
