3050 4900
395 291 518 354 DE
582 284 783 350 VITA
840 286 946 349 ET
1014 284 1279 351 REBUS
1333 284 1616 350 GESTls
1679 280 2252 351 CONSTANTINI.
2367 287 2476 350 LV

259 451 611 510 eei-tamina
624 492 648 523 ,
712 464 871 528 quos
927 464 1175 506 omnem
1217 443 1591 525 Campaniae
1629 454 1868 526 partem
1887 489 1909 521 ‚
1973 465 2132 526 quae
2161 442 2476 506 Vulturno

263 532 501 592 adiacet
525 579 549 608 ,
594 528 717 591 sub
760 530 1092 610 imperium
1134 527 1471 611 redegisse,
1510 528 1810 589 Batonius
1837 527 2044 610 prodit
2066 551 2085 589 ε
2151 538 2215 588 at
2258 550 2331 589 ea
2360 528 2477 589 Be-

262 616 629 675 neventanis
670 622 974 694 perpetuo
1017 610 1288 672 subiecta
1328 610 1446 671 fuit
1471 653 1490 688 ‚
1555 632 1669 671 nec
1708 622 1844 672 tum
1883 615 2071 673 armis
2109 621 2340 673 tentata
2377 613 2479 673 vi·

264 698 447 760 detur
472 700 545 775 ι).
633 696 1077 757 Constantinus
1106 737 1127 770 ,
1191 715 1334 756 cum
1370 692 1760 776 Neapolitani
1801 715 2015 756 rursus
2052 694 2235 756 iidem
2273 697 2474 757 exuis-

265 792 401 842 sent
421 825 442 858 ,
504 781 866 840 Marianum
904 779 1232 861 patricium
1261 824 1281 855 ‚
1343 788 1415 838 ut
1434 821 1454 855 ‚
1520 777 1824 838 conducto
1881 799 1998 862 per
2042 778 2374 840 Thraciam
2412 789 2475 840 et
2489 780 2552 836 1..
2571 780 2722 839 xxn

264 864 701 926 Macedoniam
758 861 996 941 milite,
1060 861 1378 943 perfidiam
1418 859 1850 937 ulcisceretur,
1913 862 2089 923 iussit
2112 884 2131 923 ε
2187 864 2240 923 is
2298 872 2484 946 caput

271 952 475 1029 gentis
853 990 873 1024 ,
937 946 1103 1006 cives
1124 988 1144 1022 ‚
1223 954 1296 1005 ut
1346 965 1562 1027 pacem
1613 945 1694 1005 ab
1735 946 2112 1025 Imperatore
2255 957 2425 1008 erem
2454 990 2476 1028 ‚

274 1034 499 1113 coegit.
640 1051 817 1090 orum
845 1026 1190 1110 exemplum
1216 1028 1608 1111 Langobardi
1630 1073 1651 1108 ,
1682 1026 1929 1091 Calabri
1952 1073 1972 1107 ,
2012 1028 2161 1111 Apu
2189 1031 2203 1044 ⁶
2231 1075 2252 1110 ,
2295 1030 2478 1092 Sara·

282 1117 421 1175 ceni
441 1158 463 1191 ‚
505 1115 611 1197 qui
650 1124 783 1175 tum
824 1111 1177 1174 inferiorem
1204 1109 1415 1172 Italiae
1460 1133 1637 1175 oram
1673 1112 1962 1173 tenebant
1979 1157 2000 1191 ‚
2044 1115 2235 1174 secuti
2283 1114 2482 1176 ferun-

282 1209 391 1259 tur
406 1198 477 1276 ²).
560 1197 666 1257 Ab
705 1217 781 1256 eo
818 1206 1113 1278 tempore.
1135 1195 1572 1257 Constantinus
1614 1206 1676 1257 et
1713 1194 1772 1256 N
1775 1195 2097 1277 icephorus
2118 1241 2139 1275 ‚
2194 1196 2307 1258 bas
2349 1219 2483 1259 ma-

283 1283 428 1342 ximi
466 1283 711 1362 imperii
756 1278 1043 1362 reliquias
1081 1281 1286 1355 tueri,
1328 1278 1556 1340 frustra
1593 1280 1788 1340 annisi
1833 1289 1976 1340 sunt
1996 1324 2017 1358 ‚
2059 1282 2289 1364 quippe
2327 1301 2481 1364 quas

283 1364 653 1425 Nor-mannis
698 1364 900 1427 virtus
944 1384 1054 1424 sua
1101 1372 1163 1424 et
1204 1362 1451 1424 fortuna
1484 1360 1633 1425 belli
1673 1373 2036 1425 reservarat.

444 1447 596 1510 xll.
684 1446 801 1506 His
852 1445 1029 1507 editis
1058 1445 1370 1529 operibus,
1412 1446 1775 1529 Imperatori
1803 1466 2111 1507 venenum
2138 1468 2177 1508 a
2200 1447 2480 1510 Romano

277 1528 399 1591 filio
436 1541 697 1612 paratur
716 1529 767 1609 ³)
790 1574 811 1609 ,
867 1532 1043 1590 cuius
1085 1540 1257 1590 atrox
1296 1531 1360 1589 in
1403 1531 1611 1590 enium
1638 1573 1658 1607 ,
1717 1549 1909 1610 super
1960 1529 2306 1614 cupidinem
2363 1553 2480 1613 po·

276 1608 498 1675 'tentiae
523 1659 545 1692 ‚
588 1611 830 1673 Helena
870 1623 1068 1672 mater
1107 1612 1328 1673 incend
1443 1623 1506 1691 t;
1565 1614 1759 1674 evasit
1797 1622 2004 1673 tamen
2027 1656 2047 1689 ,
2107 1613 2264 1674 forte
2311 1614 2480 1695 quod

279 1696 515 1757 {venemo
552 1707 1109 1778 temperamentum
1151 1697 1351 1756 inerat
1370 1739 1390 1773 ‚
1460 1717 1541 1756 ne
1583 1697 1789 1756 statim
1833 1697 2117 1759 saeviret.
2203 1697 2347 1755 Mox
2398 1696 2478 1757 ad

285 1780 615 1841 monachos
646 1778 957 1861 profectus
1010 1789 1128 1857 est,
1149 1782 1257 1861 qui
1302 1781 1369 1839 in
1400 1778 1674 1862 Olympo
1716 1789 1924 1839 monte
1963 1777 2178 1861 procul
2220 1782 2477 1863 negotiis

287 1865 473 1923 vitam
510 1863 773 1946 agebant
794 1906 814 1940 ,
872 1873 1049 1924 tanta
1107 1869 1318 1923 omnes
1338 1888 1351 1897 ·
1380 1864 1624 1945 pietatis
1665 1872 1727 1922 et
1779 1860 2090 1944 religionis
2131 1862 2291 1922 sama
2321 1907 2340 1940 ‚
2405 1874 2477 1924 ut

284 1945 586 2008 Romanus
626 1947 984 2028 Lecapenus
1026 1967 1227 2007 annua
1266 1949 1415 2028 ipsis
1456 1945 1758 2028 stipendia
1842 1945 2159 2007 ersolverit
2170 1946 2239 2026 ⁴).
2319 1945 2476 2007 Per-

278 2030 595 2091 crebuerat
634 2048 854 2090 rumor
872 2073 893 2108 ,
939 2029 1381 2112 Imperatorem
1420 2051 1562 2090 cum
1605 2028 1779 2090 Theo
1823 2049 1933 2090 oro
1965 2030 2262 2112 Cyziceno
2287 2075 2307 2109 ,
2349 2051 2476 2113 quo

278 2124 588 2195 praetextu
618 2111 996 2195 Polyeuctus
1022 2113 1391 2195 patriarcha,
1421 2112 1656 2173 dudum
1696 2112 1777 2173 ob
1818 2114 2128 2196 ingenium
2168 2124 2230 2175 et
2274 2134 2476 2175 mores

278 2200 505 2258 invisus
524 2241 548 2274 ,
588 2195 903 2257 tollendus
943 2207 1100 2259 esset
1123 2242 1144 2276 ‚
1200 2195 1567 2258 deliberasse
1604 2197 1676 2274 ⁵).
1763 2196 1917 2259 Inde
1972 2196 2332 2279 Byzantium
2373 2218 2474 2258 re-

275 2300 485 2342 versus
502 2325 525 2359 ‚
576 2278 1021 2341 mortalitatem
1066 2278 1329 2363 explevit
1346 2325 1365 2362 ‚
1409 2301 1515 2340 seu
1557 2281 1832 2362 corporis
1870 2279 2223 2342 infirmitate
2241 2325 2260 2360 ‚
2316 2301 2426 2342 seu
2454 2326 2476 2359 ,

275 2365 438 2446 quod
491 2362 754 2446 plurimi
811 2363 1285 2445 suspicabantur
1313 2409 1331 2442 ,
1387 2383 1627 2425 veneno
1686 2366 1908 2424 iterum
1975 2367 2225 2445 petitus.
2308 2364 2479 2425 Vixit

277 2444 693 2526 annosLIV.‚
738 2468 809 2508 ex
857 2447 1082 2531 quibus
1121 2447 1365 2508 XXVI.
1410 2469 1551 2508 cum
1595 2468 1805 2509 socero
1830 2447 2149 2527 Romano,
2177 2448 2329 2509 XV.
2373 2469 2476 2509 so-

282 2529 375 2594 lus
400 2577 421 2612 ,
465 2533 751 2615 regnavit
763 2526 835 2611 ⁶).
917 2530 1175 2593 Senatus
1212 2533 1279 2591 in
1317 2531 1532 2593 funere
1574 2531 1848 2594 ornando
1864 2576 1884 2613 ,
1939 2543 2002 2593 et
2057 2534 2124 2594 in
2178 2533 2475 2593 memoria

359 2696 411 2769 ¹³
426 2693 1006 2820 AEiffesssssseg‘ssi?
1024 2696 1446 2822 vffssifigssikcssd
1500 2694 1840 2822 (Ξῗωίεἳῖζῖ.
1859 2696 2477 2823 ⁰2¹3?⁰}?.?⁰:,1¹1'·143:

429 2838 585 2888 mani
622 2803 894 2906 Lecap’eni
955 2843 1014 2888 et
1052 2806 1445 2903 Constantini:
1492 2855 1602 2892 una
1637 2785 1768 2890 (cii-im
1817 2839 2074 2894 Landulfi
2115 2787 2276 2893 ari'nis
2317 2855 2477 2891 com-

428 2913 728 2979 putantur,
791 2924 862 2958 cx
928 2908 1219 2961 tabulariis
1301 2910 1566 2963 ecclesiae
1633 2907 1943 2979 Campanae
1987 2910 2216 2979 profert.
2308 2910 2478 2963 Prae·

430 2984 593 3061 terea
640 2978 697 3028 in
744 2975 793 3029 di
830 2978 1040 3063 Iomate
1085 2978 1435 3064 Constantini
1468 2989 1527 3033 et
1590 2979 1854 3064 Romani,
1893 2979 2087 3064 Indict.
2143 2980 2279 3045 XV„
2308 2978 2481 3065 chri-3

418 3049 695 3181 3105?
729 3056 979 3190 .3.;2‘.'-.³.
1019 3050 1871 3194 ἶίἳιεοῗ“Ρ.ῗ“ἲὲἶω“ἶ-ῖῖ““ἇῗ.ῖ.
1894 3050 2166 3175 ’ἓῗέῗέὴ
2190 3050 2274 3173 2⁶.
2322 3068 2478 3173 ‘51:21

418 3190 563 3274 tegis
623 3188 959 3242 Graecorum
1019 3190 1279 3244 solvenda
1327 3202 1515 3258 erant,
1582 3191 1907 3244 liberantur.
1977 3191 2130 3244 Idem
2180 3208 2250 3245 ex
2299 3190 2479 3261 pluri·

418 3276 531 3312 mis
582 3259 821 3324 litteris,
880 3260 942 3314 in
1006 3260 1278 3317 Chronico
1328 3264 1691 3317 vulturnensi
1741 3279 1797 3331 p.
1843 3264 1962 3332 4¹7·
2010 3262 2132 3331 418.
2178 3262 2305 3333 425.
2351 3261 2476 3331 431.

417 3333 541 3400 449.
593 3328 886 3393 adductis,
949 3341 1191 3402 apparet.
1336 3342 1401 3391 α)
1444 3334 1633 3403 Lupus
1681 3331 2040 3405 Protospatha
2095 3333 2166 3386 ad
2211 3349 2297 3385 an.
2353 3333 2477 3403 955.

411 3399 747 3456 Dmendie-
770 3403 1081 3457 Mar-ianus
1120 3404 1409 3459 Patr-icius
1459 3404 1524 3457 in
1574 3406 1849 3476 Apuliam.
1926 3402 2085 3457 Cont.
2133 3402 2385 3475 Theoph.
2421 3421 2477 3474 p.

417 3473 542 3526 283.
687 3472 748 3539 3)
779 3472 1010 3526 Zonaras
1044 3491 1097 3543 p.
1119 3479 1231 3544 195.
1273 3477 1340 3530 D.
1396 3472 1676 3528 Cedrenus
1777 3512 1790 3526 .
1815 3475 1939 3543 641.
2012 3474 2211 3544 Glycas
2244 3491 2299 3545 p.
2330 3474 2437 3528 303
2462 3511 2482 3539 ,

420 3541 579 3612 quod
633 3540 860 3595 Simeon
898 3543 1204 3614 Logotheta
1260 3554 1319 3597 et
1364 3544 1635 3616 Georgius
1749 3545 1992 3599 onachus
2041 3546 2268 3598 silentio
2314 3561 2479 3615 prae-

417 3619 680 3677 tereunt,
733 3611 1092 3684 Theophanis
1165 3617 1606 3672 continuatorem
1626 3653 1643 3679 ‚
1696 3618 1785 3669 cui
1842 3617 1981 3671 haec
2002 3655 2020 3681 ,
2078 3614 2296 3670 etiamsi
2350 3632 2482 3673 vera

422 3692 646 3746 essent,
681 3681 903 3737 tradere
937 3686 1308 3754 periculosum
1342 3696 1459 3739 erat
1478 3725 1495 3751 ,
1534 3687 1727 3740 secuti.
1867 3687 1925 3759 4)
1965 3686 2186 3740 Contin.
2224 3684 2481 3757 Theoph-

422 3756 488 3808 in
527 3755 775 3808 Romano
809 3771 865 3825 p·
909 3759 1030 3825 ²59·
1176 3758 1233 3824 5)
1264 3759 1494 3811 Zonaras
1509 3774 1585 3880 d).
1635 3760 1751 3828 196.
1824 3755 2130 3823 cedrenus,
2146 3757 2269 3826 641.
2344 3756 2484 3825 Gly-

423 3842 511 3882 ωε
567 3843 620 3896 p.
679 3825 803 3878 303.
945 3829 984 3880 6
1038 3826 1132 3880 sie
1193 3826 1446 3899 Theoph.
1555 3832 1730 3882 ontin.
1787 3842 1842 3896 p.
1893 3846 2014 3900 ²9²·
2065 3826 2212 3880 obiit
2279 3828 2480 3880 mensis

421 3893 752 3949 Novembris
800 3894 896 3950 die
1002 3897 1064 3949 V.
1135 3898 1333 3952 Indict.
1378 3899 1474 3951 111.
1525 3916 1671 3953 anno
1721 3914 1753 3949 a
1797 3913 1867 3950 m.
1927 3917 1972 3952 c.
2024 3901 2182 3969 6469.
2255 3897 2482 3950 Simeon

421 3968 729 4038 Logotheta
793 3984 972 4020 annos
1016 3968 1136 4022 eius
1182 3968 1379 4023 eodem
1432 3968 1599 4022 modo
1625 3976 1933 4032 'numer-at,
1991 3969 2086 4022 sed
2126 3968 2325 4022 Indict.
2383 3966 2479 4022 v1.

418 4054 467 4091 a.
509 4037 672 4107 6456.
722 4041 1030 4094 decessisse
1080 4040 1306 4105 mihin
1361 4038 1455 4092 die
1495 4039 1585 4091 IX.
1627 4039 1953 4094 Novembris
1976 4077 1992 4101 ,
2038 4039 2233 4093 Indict.
2287 4038 2382 4089 111.
2432 4056 2478 4089 a.

416 4110 579 4179 6468.
603 4108 907 4166 Cedrenus.
984 4110 1171 4181 Lupus
1193 4110 1582 4181 Protospatha:
1618 4130 1753 4165 ann.
1782 4111 1912 4178 969.
1957 4109 2160 4166 Indica.
2197 4108 2299 4164 ΙΙΙ.
2340 4107 2482 4161 obiit

420 4181 833 4240 Communem
873 4183 1080 4252 Impar.
1139 4184 1242 4254 qut·
1292 4183 1562 4256 regnavit
1622 4199 1715 4240 an.
1752 4182 1834 4252 47.
1876 4194 1931 4238 es
1980 4181 2231 4239 surrexit
2277 4178 2481 4235 Roma-
