3050 4900
275 0 401 47 δςω
436 0 725 47 σταμιιων
763 0 871 25 και
914 0 1467 48 υυιψραμοιιαριυι
1521 0 1851 43 cnut-synar
1908 0 1988 24 ἰιι
2041 0 2338 44 puuctum*
2383 0 2461 26 u-

276 73 432 150 λογα
454 111 474 149 ,
540 62 653 127 καὶ
687 58 771 126 τοὶ
810 56 1110 143 βασιλικοὶ
1151 56 1478 144 σαγμάρια
1539 61 2020 144 εὖτρεπίσαντες
2070 53 2273 138 sti-⁹139
2327 64 2563 127 ἒκιὶ-Με.
2590 78 2724 148 16.b⁸

273 190 444 246 νουν,
487 152 601 228 καί
644 160 1022 246 κατήρχοντο
1067 159 1159 234 εἷς
1193 155 1305 244 τὴν
1332 160 1447 223 τοῦ
1473 159 1788 242 βασιλέως
1815 154 2163 244 ἀπάντησιν
2200 162 2269 225 ἐν
2310 161 2464 225 Hv'-

235 272 439 341 ὅλαις.
506 262 540 326 ὅ
585 264 657 327 δὲ
702 256 1008 342 βασιλεῦς
1049 256 1340 345 ἐξήρχετο
1380 260 1577 345 μέχρι
1617 260 1743 324 τῶν
1784 262 2065 341 Πυλῶν,
2106 256 2184 324 τὰ
2229 262 2298 324 δὲ
2340 266 2463 343 βα-

281 361 497 431 σιλικὰ
542 359 845 446 σελλάρια
900 357 1013 423 καὶ
1072 355 1134 421 οἱ
1203 349 1501 443 ἄρχοντες
1560 355 1675 422 καὶ
1709 355 1784 421 οἱ-
1837 356 2049 422 λοιποὶ
2088 357 2149 429 οἶ
2191 358 2314 424 α’πὸ
2352 363 2462 445 τῆς

280 459 521 538 πόλεως
589 456 993 545 ἐξερχόμενοι
1051 458 1161 541 τῆς
1212 460 1439 542 ξηρᾶς,
1502 454 1983 543 προελάμβανον
2037 456 2150 523 τόν
2188 464 2460 540 βασιλέα

283 566 377 638 εἷς
417 558 677 639 Πύλας,
744 560 855 622 καί
888 551 992 621 ὅτε
1025 552 1096 620 τὸ
1135 558 1261 620 τῶν
1301 559 1685 641 Σαρακηνῶν
1742 551 2060 642 φοσσάτον
2101 550 2292 644 ὤφθη
2331 564 2468 626 τισί

281 659 446 749 πρός
483 657 567 723 τὰ
605 660 719 743 τῆς
746 657 1116 739 “Ρωμανιάς
1157 651 1544 737 συστάμενα,
1589 647 1669 739 ἦν
1710 652 1747 719 ὅ
1783 654 2086 738 βασιλεύς
2133 657 2333 735 εὐθύς
2372 662 2514 741 εἰςρ
2557 696 2573 710 =

207 755 635 844 ιοιῖποίνι-ησιν
658 756 881 822 αὐτοῦ.
907 757 1131 837 ἰστέον,
1157 748 1260 818 ὅτι
1297 752 1359 818 οἱ
1380 748 1849 840 προρῥηθέντες
1874 754 2069 843 φανοὶ
2091 757 2461 843 διεκράτουν

278 857 476 945 μέχρι
513 862 639 921 τῶν
675 855 928 941 ἡμερῶν
963 851 1241 939 Μιχαὴλ
1280 855 1592 935 βασιλέως
1632 857 1745 918 τοῦ
1780 841 1852 918 ἐπὶ
1916 856 2257 941 Θεοφίλου.
2355 852 2461 923 320-

280 981 388 1035 τος
432 959 504 1022 δὲ
548 955 751 1020 αὐτοῦ
789 977 941 1019 ποτε
981 956 1051 1021 ἐν
1090 956 1181 1041 τῷ
1208 955 1326 1018 τοῦ
1386 952 1571 1037 ἁγίου
1599 951 1959 1036 Μάμαντος
1995 958 2308 1046 προκένσῳ
2351 958 2464 1023 καὶ

282 1063 612 1142 μέλλοντος
649 1058 913 1139 ποιῆσαι
953 1052 1401 1137 ἱπποδρόμιον,
1462 1053 1533 1117 ἐν
1579 1043 1628 1142 ᾧ
1680 1052 1792 1118 καὶ
1851 1052 1997 1119 ἀντὶ
2035 1057 2346 1136 βασιλέως
2383 1056 2458 1144 ἧ..

282 1159 498 1241 νίοχος
542 1156 938 1240 ἐγνωρίζετο·
1026 1150 1169 1239 (καὶ
1203 1150 1327 1237 γάρ
1374 1154 1443 1217 ἐν
1481 1162 1622 1228 ταῖς
1661 1154 2070 1237 ἓππηλασιάις
2104 1155 2248 1220 «ivri
2284 1155 2461 1243 ἧνιόω

205 1262 409 1342 ιὸχου
470 1250 868 1340 inmaniter)
970 1255 1203 1336 συνέβη
1260 1250 1411 1327 τοὺς
1444 1251 1743 1337 συνήθεις
1798 1244 1967 1335 ἇψαι
2008 1254 2287 1341 φανούς,
2350 1261 2463 1325 καὶ

281 1353 421 1422 εἶπε
459 1356 645 1420 τοῦτο
685 1348 1222 1435 διαλογισάμενος,
1264 1346 1357 1415 ὅτι
1394 1354 1501 1432 „sl
1550 1349 1898 1436 κατάδηλος
1952 1354 2202 1439 γένηται
2238 1356 2280 1439 ἦ
2322 1355 2457 1437 ἔξο-
2492 1407 2498 1415 .

283 1457 392 1533 ‹504-
425 1455 555 1520 τῶν
584 1455 990 1539 Σαρακηνῶν,
1033 1448 1507 1535 λυπηθήσονται
1547 1448 1608 1515 οἱ
1646 1456 1916 1533 πολῖται,
1957 1455 2067 1516 καί
2107 1447 2182 1516 οὗ
2222 1454 2314 1539 μή
2355 1460 2456 1535 ἐξ·

282 1558 559 1622 ἔλθωσιν
617 1553 709 1627 εἷς
761 1549 836 1616 τό
893 1546 1313 1634 ἱπποδρόμιον
1367 1547 1533 1634 πρὸς
1586 1548 1660 1615 τό
1723 1549 1834 1636 τήν
1871 1547 2031 1637 ε’μὴν
2068 1551 2456 1639 ἷππηλασίαν

285 1654 657 1721 θεάσασθαι
669 1655 734 1715 .''
792 1648 910 1714 καὶ
942 1651 1013 1715 ἐκ
1052 1645 1189 1714 τότε
1238 1645 1560 1727 διετάξατο
1599 1646 1690 1734 μή
1743 1645 1966 1717 ἅπτειν
2000 1651 2145 1728 τούς
2185 1654 2509 1740 φανούς.»

195 1753 506 1835 αοῐστέον,
555 1744 656 1818 ὅτι
692 1747 764 1816 τό
803 1744 1076 1815 παλαιόν
1120 1746 1312 1825 τόπος
1350 1739 1427 1834 ἦν
1438 1799 1460 1831 ,
1504 1746 1589 1814 τὰ
1631 1751 1883 1831 θέματα
1924 1749 2310 1836 &nysam-902⁶
2349 1780 2459 1819 κα-

280 1994 554 2048 Diaetarii
589 1992 733 2047 enim
771 1993 854 2045 ibi
890 2008 1101 2063 semper
1137 1993 1423 2047 continuas
1454 1990 1691 2061 agebant
1717 1992 1949 2062 vigilias,
1981 1993 2345 2065 solliciteque,
2380 2010 2452 2046 ne

279 2080 529 2135 unquam
564 2081 621 2116 se
653 2063 867 2116 flamma
902 2064 1097 2115 lateret
1115 2080 1227 2115 non
1263 2062 1651 2124 animadversa,
1692 2077 1874 2115 versus
1900 2063 2093 2115 collem
2119 2064 2170 2115 S.
2191 2065 2451 2116 Auxentii

74 2128 104 2150 ²
283 2135 664 2203 respiciebant.
705 2134 952 2186 Laternis
979 2133 1089 2184 illis
1123 2132 1376 2184 omnibus
1403 2132 1673 2196 accensis,
1701 2134 1951 2200 protinus
1988 2134 2299 2203 caligabant
2353 2149 2452 2188 seu

280 2204 471 2272 caligis
512 2202 819 2256 induebant
844 2204 1018 2273 regios
1050 2218 1079 2254 e
1122 2220 1221 2255 uos
1261 2202 1580 2254 chartularii
1607 2202 1968 2267 stabulorum,
2008 2221 2149 2275 quae
2179 2212 2329 2257 extra
2350 2206 2452 2255 Ur-

281 2276 410 2326 bem
447 2281 727 2342 augustam
753 2283 881 2327 sunt
898 2314 913 2339 ,
940 2281 996 2326 et
1019 2290 1077 2325 sa
1104 2274 1419 2325 ramentarii
1439 2312 1454 2338 ,
1480 2274 1758 2343 mulisque
1784 2276 2089 2326 necessario
2116 2277 2450 2327 sarcinarum

278 2363 311 2396 a
354 2352 552 2415 paratu
592 2346 827 2396 oneratis
852 2383 866 2408 ,
904 2343 1200 2397 movebant
1246 2352 1303 2395 et
1357 2342 1766 2396 descendebant
1816 2344 1887 2395 ad
1922 2346 2075 2413 Pylas
2124 2346 2449 2415 Imperatori

278 2363 366 2468 igi
416 2431 698 2468 occursum
759 2417 920 2487 eique
969 2431 1088 2467 sese
1141 2415 1475 2467 adiunctum.
1561 2415 1863 2485 Imperator
1915 2424 2100 2468 autem
2146 2416 2334 2470 exibat
2379 2432 2449 2469 ex

276 2487 454 2552 Urbe,
489 2495 780 2558 postquam
817 2488 960 2556 regia
999 2487 1218 2539 sellaria
1255 2495 1314 2537 et
1348 2486 1510 2538 duces
1549 2487 1815 2537 militares
1855 2493 1911 2537 et
1944 2488 2167 2558 reliqui,
2246 2504 2340 2538 uos
2379 2500 2449 2540 ex

277 2559 424 2611 Urbe
459 2559 521 2609 in
558 2568 731 2611 castra
780 2558 1071 2617 convenire
1120 2557 1444 2627 oportebat,
1493 2573 1594 2626 per
1629 2573 1813 2609 xeram
1852 2554 1941 2625 [id
1971 2568 2162 2628 portae
2246 2559 2446 2609 Ptanae

273 2644 485 2682 nomen.
522 2637 604 2680 est
615 2632 663 2698 ,]
707 2630 903 2697 egressi
939 2629 999 2679 in
1032 2627 1185 2696 Pylas
1219 2624 1656 2698 praevenissent.
1734 2628 2036 2697 Imperator
2088 2629 2277 2700 itaque
2312 2629 2448 2680 illuc

278 2699 542 2763 delatus,·
566 2701 610 2751 si
651 2700 855 2770 quibus
892 2699 1078 2770 aliqua
1130 2699 1189 2750 in
1237 2706 1392 2768 parte
1440 2700 1672 2751 Romani
1714 2698 1862 2749 orbis
1901 2701 2177 2770 conspecti
2212 2699 2447 2752 fuissent

277 2771 552 2835 Saraceni,
588 2772 842 2840 protinus
884 2785 949 2820 eo
968 2769 1225 2822 movebat
1246 2769 1381 2838 ipsis
1402 2769 1635 2821 obviam.
1676 2771 1798 2821 Mos
1835 2769 1933 2820 ille
1951 2787 2050 2839 per
2085 2771 2320 2822 laternas
2356 2779 2446 2820 ac-

278 2855 464 2891 censas
504 2857 536 2892 e
571 2841 868 2912 praedictis
903 2856 925 2890 s
970 2840 1137 2890 eculis
1177 2839 1244 2890 de
1282 2841 1654 2892 incursatione
1691 2838 1931 2891 hostium
1966 2841 2306 2909 significandi
2343 2842 2447 2892 ob-

275 2909 495 2962 tinebat
530 2928 703 2982 usque
730 2912 800 2962 ad
818 2857 1144 2964 MicEaelem
1160 2910 1570 2979 Imperatorem,
1605 2910 1902 2979 Theophili
1939 2912 2144 2976 filium3
2179 2912 2277 2983 qui
2315 2927 2441 2962 eum

279 2980 564 3049 abrogavit
595 2983 698 3033 hac
748 2982 816 3034 de
866 2998 1044 3032 causa.
1132 2981 1503 3050 contingebat
1537 2981 1868 3052 aliquando,
1905 2982 2003 3032 illo
2040 2983 2444 3050 processionem

282 3051 337 3103 S.
374 3051 663 3102 Mamantis
718 3060 911 3121 agente
980 3051 1067 3121 [id
1107 3060 1191 3102 est
1226 3053 1283 3102 in
1318 3051 1528 3121 palatio
1575 3052 1626 3103 S.
1664 3053 1956 3104 mamantis
1993 3054 2290 3104 rusticante
2305 3056 2348 3121 ‚J
2388 3060 2444 3104 et

279 3128 556 3173 certamen
591 3133 843 3193 equestre
893 3139 990 3192 per
1043 3123 1243 3174 circum
1282 3123 1406 3194 [qui
1449 3120 1532 3172 ibi
1570 3125 1709 3189 est‚]
1748 3122 1994 3187 edituro,
2031 3123 2088 3174 in
2127 3140 2236 3194 quo
2277 3125 2442 3174 etiam

278 3206 383 3262 pro
422 3207 546 3259 rege
583 3195 766 3262 auriga
804 3201 1124 3265 conspectus
1160 3194 1285 3256 fuit,
1324 3193 1542 3262 qualem
1583 3208 1873 3262 personam
1911 3193 2143 3246 induere
2178 3209 2440 3264 persaepe
2500 3257 2504 3262 .

281 3261 502 3313 solebat
557 3263 618 3313 in
687 3264 930 3315 editione
989 3264 1184 3316 talium
1250 3280 1272 3314 s
1316 3263 1709 3315 ectaculorum:
1761 3264 2115 3332 contingebat
2159 3265 2325 3332 igitur
2373 3279 2439 3315 eo

276 3339 557 3401 tempore,
627 3343 690 3386 ut
740 3343 998 3387 consueto
1054 3334 1218 3386 modo
1274 3282 1519 3385 fater-nae
1565 3332 1697 3383 illae
1748 3333 1883 3385 belli
1932 3334 2138 3386 indices
2184 3351 2440 3386 accensae

276 3404 740 3471 conspicerentur.
816 3406 1257 3458 Ratiocinabatur
1292 3406 1481 3475 itaque
1522 3420 1705 3454 secum
1740 3404 1844 3455 hoc
1880 3405 2072 3459 modo:
2144 3404 2200 3457 Si
2237 3407 2442 3474 permi-

277 3489 434 3536 sero,
472 3479 537 3524 ut
574 3490 760 3525 rumor
796 3474 865 3526 de
901 3477 1288 3528 Saracenorum
1327 3475 1612 3528 invasione
1657 3475 1716 3526 in
1753 3478 1896 3527 cives
1934 3483 2179 3539 emanet,
2219 3476 2440 3529 tristiti-

275 3559 367 3595 am
404 3543 537 3594 inde
584 3545 898 3615 concipient
949 3563 1131 3618 neque
1178 3547 1235 3597 in
1283 3546 1484 3597 circum
1532 3561 1679 3597 meas
1727 3547 2094 3615 aurigationes
2132 3554 2436 3616 spectatum

276 3615 620 3674 convenient.
689 3617 763 3671 Et
792 3623 1081 3689 propterea
1120 3616 1361 3683 vetabat,
1395 3617 1750 3690 imposterum
1778 3617 2018 3670 laternas
2033 3617 2159 3670 illas
2197 3616 2433 3671 accendi.
