3050 4900
536 329 676 393 xlv
1237 328 1351 395 10.
1417 327 1578 395 IAC.
1640 330 1938 396 REISKII

537 484 958 547 Professorem
998 482 1404 545 clarissimum
1422 527 1441 561 ‚
1501 485 1610 566 qui
1652 505 1787 545 eam
1841 507 1878 546 a
1919 486 2119 566 prima
2161 485 2563 553 adolescentia
2604 488 2728 556 fre·-

539 594 833 667 quentare
887 594 1286 645 consueverat
1301 626 1321 661 ,
1389 583 1470 644 ad
1522 583 1829 644 edendum
1886 605 2041 667 opus
2092 586 2386 651 hactenus
2434 592 2733 654 ineditum

540 687 848 746 excitaret.
914 685 1044 745 Iam
1071 693 1248 744 antea
1274 682 1340 743 id
1367 682 1532 743 idem
1559 681 1807 745 molitus
1842 684 2043 771 fixerat
2083 686 2177 748 lo.
2212 688 2467 755 Han-mc.
2495 693 2731 774 Mnus,

539 786 608 846 in
654 784 987 846 Academia
1036 784 1329 845 Giessana
1387 782 1702 865 quondam
1743 785 2014 846 Graecae
2042 794 2105 848 et
2147 788 2558 852 Orientalium
2610 792 2731 854 lin-

540 905 802 968 guarum
860 883 1202 945 Professor.
1305 883 1595 944 Testatur
1649 886 1716 944 in
1774 883 2089 966 Catalogo
2114 931 2134 964 ,
2194 910 2379 972 quem
2431 895 2689 955 coniecit
2706 936 2729 973 ,

544 984 841 1047 codicum
894 976 1473 1066 muniant-iptorum
1531 983 1955 1047 bibliothecae
2019 984 2624 1069 Uffenbachianae,
2668 1012 2735 1055 se

545 1082 690 1144 libri
724 1083 908 1145 huius
944 1082 1196 1145 latinam
1226 1084 1788 1166 interpretationem
1816 1084 2168 1167 confecisse,
2224 1101 2573 1175 certamque
2602 1093 2735 1155 edi-

543 1185 728 1245 tionis
771 1204 942 1266 spem
986 1183 1153 1244 facit.
1239 1181 1330 1244 At
1362 1204 1434 1244 ea
1461 1178 1710 1266 quidem
1750 1205 1892 1245 cum
1933 1186 2125 1268 ipsius
2166 1188 2340 1251 obitu
2380 1191 2733 1273 decollavit,

544 1305 767 1366 neque,
798 1304 921 1366 quo
950 1282 1264 1344 devenerit
1296 1286 1426 1345 eius
1462 1286 1907 1366 interpretatio,
1930 1295 2183 1349 constat.
2224 1288 2544 1371 Specimen
2579 1296 2734 1372 eius,

544 1384 710 1445 unde
750 1386 1056 1447 aestimari
1096 1394 1282 1467 queat
1303 1429 1321 1463 ,
1365 1383 1631 1446 habetur
1670 1387 1736 1447 in
1776 1385 1962 1447 modo
2003 1384 2250 1448 laudato
2291 1388 2565 1473 catalogo
2590 1435 2610 1468 ,
2670 1403 2734 1454 et

541 1485 708 1568 apud
751 1484 1125 1545 Funerum.
1214 1485 1440 1546 Omine
1479 1486 1669 1568 igitur
1720 1485 2032 1570 aliquanto
2071 1489 2470 1570 auspicatiore
2512 1490 2732 1553 editio-

540 1606 686 1646 nem
723 1588 924 1668 operis
963 1583 1456 1647 desideratissimi
1497 1587 1760 1669 suscepit
1799 1586 1949 1648 clar.
1992 1588 2277 1650 menms
2306 1633 2326 1668 ,
2365 1592 2474 1670 vir⁸
2501 1592 2735 1653 Graece

541 1685 882 1769 Latineque
932 1684 1314 1747 doctissimus
1335 1730 1355 1765 ,
1419 1693 1482 1747 et
1532 1687 1600 1747 in
1658 1688 1829 1747 omni
1882 1697 2090 1749 vetere
2141 1708 2423 1772 novaque
2479 1688 2733 1753 historia

542 1787 1012 1865 versatissimus,
1048 1796 1110 1847 et
1135 1789 1398 1869 primam
1428 1785 1679 1869 quidem
1716 1789 1845 1848 eius
1873 1808 2043 1870 spem
2082 1788 2338 1851 faciebat
2374 1812 2536 1852 anno
2576 1789 2731 1876 1743

541 1890 611 1948 in
649 1885 857 1948 libello
898 1886 980 1947 de
1012 1885 1353 1970 Diptyclu's
1389 1899 1677 1947 veterum
1709 1908 1864 1972 pag.
1921 1908 1994 1949 10
2041 1908 2178 1972 sqq.
2228 1889 2339 1950 ubi
2391 1901 2589 1952 totum
2628 1912 2734 1953 ca-

541 1996 659 2070 put
696 1984 1233 2069 quadragesimum
1283 1984 1533 2047 secundi
1575 1985 1718 2046 libri
1768 1994 2032 2069 utroque
2071 2005 2350 2050 sermone
2408 1989 2733 2073 vulgavit3

544 2087 746 2171 ipsam
784 2105 935 2149 vero
976 2083 1305 2146 editionem
1361 2084 1719 2146 ordiebatur
1756 2086 2002 2148 biennio
2042 2099 2205 2171 post.
2311 2086 2417 2149 Ab
2476 2110 2549 2150 eo
2589 2089 2735 2151 inde

322 2195 536 2256 Ed,1..11
547 2199 825 2270 tempore
878 2186 1172 2270 processit
1222 2185 1540 2268 impressio
1595 2187 1782 2248 variis
1854 2188 2188 2272 intercepta
2240 2188 2689 2272 impedimentis
2712 2234 2734 2269 ,

545 2287 742 2349 donec
778 2283 1050 2366 ,tandem
1105 2286 1436 2368 superioris
1504 2288 1650 2348 anni
1712 2288 1962 2349 ineunte
2035 2299 2261 2350 aestate
2317 2289 2736 2351 doctissimum

543 2385 871 2466 editorem,
919 2385 1049 2447 vita
1076 2383 1353 2469 longiore
1389 2384 1838 2470 dignissimum,
1879 2398 1941 2449 et
1970 2390 2210 2473 egregia
2252 2391 2732 2472 promittentem,

541 2489 709 2552 acuti
748 2488 950 2550 morbi
998 2489 1095 2549 vis
1138 2489 1206 2547 in
1265 2490 1478 2549 aetatis
1540 2486 1694 2550 flore
1754 2488 2020 2552 tolleret.
2127 2490 2546 2553 Pervenerant
2598 2502 2735 2554 tum

542 2591 838 2673 temporis
875 2586 1245 2671 typographi
1285 2607 1482 2670 usque
1533 2588 1615 2649 ad
1668 2591 1956 2672 paginam
2003 2590 2188 2651 huius
2245 2589 2528 2653 editionis
2585 2611 2621 2652 2
2635 2589 2732 2652 16.

541 2688 853 2752 Devoluta
892 2689 1177 2772 deinceps
1219 2708 1291 2750 ex
1330 2709 1694 2773 magnorum
1742 2692 2019 2752 virorum
2060 2692 2139 2753 de
2176 2693 2329 2753 meis
2367 2691 2736 2777 profectibus

542 2790 811 2872 benigno
851 2787 1077 2850 iudicio
1117 2787 1400 2849 editionis
1446 2787 1853 2851 absolvendae
1890 2811 2039 2851 cura
2079 2789 2160 2851 ad
2198 2811 2299 2852 me
2337 2790 2476 2854 fimit-
2560 2788 2740 2867 Quae

541 2890 735 2972 igitur
780 2910 877 2967 ea,
916 2909 1041 2971 qua
1066 2887 1216 2967 dixi,
1258 2888 1480 2971 pagina
1505 2892 1844 2972 posteriora
1877 2901 2046 2968 sunt,
2078 2910 2296 2952 excusa
2331 2889 2582 2951 suerunt
2620 2888 2739 2950 sub

542 2992 698 3051 meis
719 2988 936 3068 oculis,
979 2998 1042 3050 et
1085 2987 1457 3050 excudentur
1492 3011 1705 3073 porro,
1738 2990 1977 3052 favente
1996 2991 2157 3070 Dec,
2200 3012 2359 3074 quae
2397 2999 2740 3072 supersunt.

713 3088 771 3172 ὃ.
815 3110 879 3151 2.
963 3088 1067 3149 De
1123 3099 1494 3168 argumento
1550 3089 1728 3153 libri.
1827 3090 1894 3151 Si
1951 3093 2089 3174 quis
2158 3089 2276 3152 hoc
2333 3087 2614 3167 saecu10‚
2677 3097 2741 3150 et

419 3242 429 3254 .
522 3185 742 3274 'paene
798 3189 1055 3250 dixerim
1112 3209 1385 3271 unquam
1410 3233 1431 3270 ,
1489 3191 1556 3250 in
1610 3189 1810 3251 lucem
1867 3190 2065 3253 editus
2113 3191 2229 3251 fuit
2286 3187 2740 3274 cognoscendae

547 3290 865 3373 Augustae
889 3288 1201 3349 Romanae
1226 3289 1715 3372 Byzantinaeque
1739 3289 2028 3356 historiae
2054 3271 2221 3353 utilis
2258 3288 2442 3370 liber,
2471 3299 2562 3350 est
2594 3309 2741 3350 sane

549 3390 677 3451 hic.
762 3388 979 3471 Neque
1019 3388 1324 3449 immerito
1364 3391 1429 3449 in
1472 3390 1603 3451 eius
1643 3389 2013 3453 desiderium
2067 3400 2418 3454 exarserunt
2473 3387 2696 3451 eruditi
2718 3431 2740 3465 ,

551 3511 627 3552 ex
670 3510 796 3573 quo
836 3498 1265 3573 argumentum
1304 3499 1367 3549 et
1403 3490 1671 3571 prelium
1710 3490 2075 3556 intellexere.
2155 3492 2243 3553 Et
2282 3511 2428 3553 sane
2447 3535 2469 3570 ,
2511 3491 2564 3549 si
2602 3489 2742 3571 quis

555 3611 763 3652 secum
803 3599 1072 3672 reputet,
1112 3586 1279 3649 hunc
1318 3587 1548 3651 librum
1604 3589 1684 3652 de
1738 3594 2084 3654 cerimoniis
2144 3591 2322 3653 aulae
2376 3589 2745 3674 Byzantinae

554 3710 857 3773 exponere
881 3734 903 3769 ,
942 3687 1290 3771 recolatque
1329 3691 1535 3751 animo
1556 3735 1576 3768 ,
1633 3701 1785 3774 quot
1826 3703 1888 3754 et
1945 3712 2138 3782 guam
2177 3691 2420 3753 diversa
2465 3693 2534 3750 in
2588 3686 2745 3749 aulis

555 3810 937 3852 summorum
982 3789 1330 3871 principum
1368 3811 1486 3852 usu
1535 3793 1785 3853 veniant
1814 3836 1835 3871 ‚
1878 3802 1940 3853 et
1978 3791 2043 3851 id
2084 3811 2329 3874 quoque
2365 3787 2614 3850 tandem
2643 3788 2743 3849 in-

555 3890 789 3972 telligat
804 3935 823 3969 ,
865 3889 1068 3951 aulam
1111 3889 1508 3972 Byzantinam
1530 3935 1550 3970 ,
1593 3891 1791 3973 qualis
1840 3902 2004 3954 certe
2016 3891 2748 3974 Porphyrogennetorum

557 4003 834 4073 tempore
875 4001 1030 4069 erat,
1073 3989 1358 4050 umbram
1401 3993 1624 4053 veteris
1666 3990 1980 4075 Augustae
2018 3992 2331 4053 Romanae
2371 3989 2553 4051 fuisse
2586 4010 2605 4050 ε
2651 3988 2744 4049 fa-

558 4090 675 4153 cile
714 4089 818 4154 ille
858 4088 1185 4151 affirmanti
1214 4089 1447 4171 credat,
1482 4111 1684 4173 neque
1710 4113 1950 4152 sacrum
1979 4113 2132 4170 esse,
2163 4112 2363 4174 neque
2390 4089 2745 4175 profanum,

558 4191 849 4255 historiae
901 4189 1124 4254 veteris
1174 4202 1600 4273 argumentum
1617 4235 1642 4272 ,
1698 4192 1865 4274 quod
1907 4191 2007 4253 hic
2056 4191 2216 4254 liber
2253 4213 2382 4254 non
2441 4190 2696 4271 attingat
2721 4227 2745 4263 ,
