3050 4900
567 271 741 333 1111
1311 262 1424 327 10.
1483 261 1648 329 IAC.
1709 266 2012 331 Rmsxn

738 423 795 508 5.
837 420 903 504 4.
1002 421 1105 484 Do
1164 432 1432 484 auctore
1473 420 1649 484 libri.
1751 424 1902 488 Fuit
1944 424 2065 490 hoo
2103 447 2258 511 opus
2302 424 2595 492 hactenus
2616 473 2637 511 ,
2691 448 2768 494 et

570 523 690 586 fide
722 522 1218 585 membranarum
1254 532 1632 607 nostrarum,¹
1671 522 1762 586 illi
1800 525 2200 588 Constantino
2228 526 2773 615 Porphyrogenne-

569 635 637 687 to
660 669 680 705 ,
750 623 972 685 Leonis
1026 622 1329 705 Sapientis
1369 620 1495 683 filio
1517 668 1537 703 ,
1583 622 1790 685 Basilii
1841 624 2197 688 Macedonis
2254 631 2465 711 nepoti
2487 673 2507 711 ‚
2564 630 2770 693 tribu-

570 735 734 803 tum,
774 725 949 784 cuius
1017 724 1178 785 inter
1220 719 1435 784 doctos
1493 735 1866 808 purpuratos
1924 746 2147 809 magna
2211 726 2345 790 laus
2412 740 2474 791 et
2530 730 2775 794 celebre

570 846 800 888 nomen
831 834 947 904 est,
990 833 1051 885 et
1080 824 1181 885 cui
1221 822 1341 884 alia
1375 845 1621 908 quoque
1646 827 1873 911 ingenii
1901 826 2313 891 industriaeve
2351 842 2772 911 monumenta,

572 936 672 1006 ut,
713 933 955 1009 praeter
993 923 1180 985 modo
1222 922 1538 986 laudatum
1580 929 1891 1008 geminum
1934 948 2115 1010 opus,
2160 927 2315 990 liber
2362 927 2441 991 de
2481 928 2772 994 themati-

572 1023 717 1105 bus,
762 1022 917 1086 alins
949 1023 1037 1087 de
1066 1027 1197 1086 vita
1227 1023 1434 1087 Basilii
1456 1069 1476 1106 ,
1522 1027 1670 1086 item
1717 1024 1796 1088 de
1836 1029 2101 1111 imagine
2132 1026 2443 1091 Edessena
2478 1026 2719 1092 libellus
2748 1075 2773 1111 ,

574 1127 984 1208 imputantur.
1066 1124 1203 1208 Ego
1242 1144 1391 1187 vero
1416 1152 1445 1206 ,⁸
1496 1146 1689 1208 quum
1728 1129 1794 1188 in
1824 1127 1942 1190 hoc
1980 1139 2190 1189 nostro
2212 1172 2232 1210 ‚
2271 1138 2343 1190 ut
2384 1130 2765 1209 inscribitur,

574 1225 970 1309 syntagmate
1025 1226 1365 1287 invenirem
1416 1224 1584 1288 haud
1655 1247 1851 1311 pauca
1871 1272 1891 1310 ‚
1938 1229 2066 1289 eius
2089 1271 2109 1307 ,
2163 1249 2350 1311 quem
2393 1229 2543 1309 dixi,
2605 1230 2780 1292 Con-

585 1327 839 1388 stantini
882 1347 1125 1388 excessu
1164 1328 1528 1410 posteriora,
1567 1348 1695 1388 non
1736 1330 1998 1412 margini
2034 1339 2261 1410 assuta,
2302 1329 2409 1392 sed
2453 1329 2533 1391 ab
2563 1329 2783 1392 eadem

578 1448 767 1489 manu
793 1470 811 1506 ,
858 1447 1018 1509 quae
1077 1436 1280 1488 cetera
1321 1429 1529 1488 omnia
1570 1422 1866 1509 exaravit,
1906 1449 2031 1490 uno
2069 1431 2360 1490 continuo
2387 1426 2488 1491 filo
2523 1432 2780 1491 intexta:

577 1529 755 1611 coepi
797 1525 874 1588 de
909 1537 1156 1589 auctore
1197 1526 1438 1610 fideque
1477 1529 1916 1613 inscriptionis,
1951 1539 2013 1591 et
2047 1527 2317 1611 vulgaris
2348 1529 2546 1593 famae
2578 1529 2787 1592 ambi-

585 1644 753 1709 gere.
836 1625 994 1689 Sunt
1035 1638 1242 1689 autem
1291 1626 1433 1689 illae
1466 1626 1992 1690 characteristicae
2043 1638 2394 1712 temporum
2441 1640 2624 1691 notae
2661 1626 2787 1690 hae

584 1727 972 1809 praecipuae.
1059 1726 1136 1787 In
1172 1725 1281 1788 illo
1330 1728 1554 1812 capite,
1602 1726 1770 1812 quod
1819 1738 2214 1790 monumenta
2246 1726 2606 1812 sepulcralia
2652 1726 2785 1789 Im-

583 1838 940 1912 peratorum
985 1826 1381 1889 CPtanorum
1413 1838 1734 1910 percenset
1750 1871 1770 1907 ,
1819 1830 1929 1910 (est
1962 1827 2027 1888 id
2060 1825 2203 1890 libri
2232 1828 2498 1914 secundi·
2516 1827 2786 1913 quadra-

587 1930 885 2011 gesimum
931 1926 1285 2010 secundum)
1327 1929 1594 1990 occurrit
1653 1926 1819 1988 illius
1876 1927 2066 2012 ipsius
2115 1927 2539 2009 Constantini,
2598 1948 2788 2014 quem

588 2024 769 2089 liceat
802 2026 1117 2090 doctrinae
1168 2030 1361 2111 gratia
1389 2028 1739 2113 Sapientem
1790 2026 1872 2088 ad
1917 2029 2108 2112 patris
2153 2029 2377 2091 Leonis
2444 2027 2792 2112 exemplum

588 2127 917 2213 appellare,
954 2150 1112 2191 urna
1155 2150 1297 2191 cum
1328 2125 1447 2189 hoe
1498 2127 1736 2211 elogio·
1783 2119 2073 2209 Λὰρναξ,
2106 2125 2179 2190 ἐν
2223 2113 2282 2216 ᾧ
2314 2121 2646 2191 &adamae
2664 2125 2792 2190 Λέ-

591 2250 683 2290 ων
720 2263 757 2278 -
795 2263 832 2278 -
867 2223 989 2293 miv
1046 2227 1135 2314 τῷ
1180 2222 1302 2313 υἱῷ
1347 2225 1810 2320 Koevotavtlup
1832 2271 1853 2308 ,
1894 2218 2158 2310 ὕστερον
2187 2221 2660 2311 τελευτήσαντι,
2699 2227 2794 2314 τῷ

588 2325 1183 2414 Πορφυρογεννῆτῳ
1206 2376 1228 2408 ,
1291 2325 1528 2404 Urna,
1588 2328 1657 2389 in
1726 2346 1860 2411 qua
1919 2328 2094 2390 iacet
2134 2327 2266 2390 Leo
2309 2361 2341 2376 -
2383 2361 2420 2379 -
2463 2350 2603 2391 cum
2620 2327 2791 2415 filio

593 2429 1012 2494 Constantino
1055 2429 1703 2516 Porphyrogenncto,
1747 2427 1862 2512 qui
1902 2426 2199 2514 deinceps
2239 2441 2525 2493 mortuus
2569 2429 2664 2513 (id
2700 2439 2798 2491 est

590 2529 776 2616 longo
804 2542 1080 2615 tempore
1105 2540 1245 2615 post
1268 2533 1535 2615 positum
1565 2530 1725 2615 patri
1745 2539 2208 2591 monumentum
2225 2532 2355 2593 vita
2378 2528 2697 2592 defimctus
2726 2540 2795 2592 et

591 2633 658 2692 in
698 2644 1022 2716 paternum
1068 2630 1380 2694 tumulum
1416 2629 1639 2713 illatus)
1662 2624 1828 2713 suit.
1930 2625 2190 2710 Aliquot
2232 2632 2561 2692 interiectis
2594 2630 2792 2692 versi-

589 2731 709 2794 bus
759 2742 1135 2793 memoratur
1176 2730 1422 2808 Basilii,
1463 2729 1651 2814 vulgo
1710 2728 2141 2813 Bulgaroctoni
2199 2727 2371 2808 dicti,
2428 2749 2792 2791 monumen-

592 2841 756 2912 tum,
800 2834 907 2915 qui
948 2831 1109 2893 filius
1137 2832 1397 2894 Romani
1426 2832 1709 2912 iunioris,
1766 2850 1957 2913 nepos
1996 2850 2182 2914 supra
2229 2829 2376 2890 dicti
2408 2829 2791 2891 Constantini

592 2930 923 3015 SapientiS,
977 2953 1136 2994 anno
1175 2944 1316 3016 post
1346 2934 1446 2994 avi
1485 2931 1724 2992 obitum
1752 2930 2120 3014 sexagesimo
2158 2929 2375 3013 quinto
2403 2930 2563 2991 vivis
2587 2948 2792 2991 exces-

597 3035 700 3093 sit.
786 3031 1066 3095 Tandem
1094 3053 1341 3116 quoque
1392 3034 1593 3116 capite
1651 3041 1816 3092 sexto
1851 3040 1914 3092 et
1950 3032 2343 3113 nonagesimo
2385 3028 2570 3113 primi
2616 3024 2789 3107 libri,

592 3151 705 3193 seu
735 3134 952 3216 quinto
995 3144 1057 3195 et
1094 3134 1448 3213 centesimo,
1498 3131 1830 3194 secundum
1869 3129 2365 3192 membranarum
2405 3136 2791 3211 computum,

591 3243 908 3314 narratur,
951 3231 1103 3316 quid
1145 3232 1230 3295 A.
1275 3232 1345 3293 C.
1382 3231 1507 3316 963
1546 3252 1584 3291 a
1615 3251 1825 3293 mense
1854 3230 2081 3292 Martio
2109 3248 2302 3312 usque
2330 3224 2412 3288 ad
2438 3225 2793 3311 Augustum

592 3331 663 3393 in
708 3330 817 3393 illo
854 3334 1203 3415 interregno
1261 3332 1607 3415 contigerit,
1651 3329 1820 3415 quod
1855 3330 2118 3391 Romani
2156 3328 2413 3392 iunioris
2456 3348 2790 3407 excessum,

598 3441 663 3492 et
716 3431 772 3492 N
777 3431 1051 3515 icephori
1084 3431 1335 3493 Phocae
1386 3431 1776 3516 tyrannidem
1808 3429 2131 3492 intercedit
2149 3475 2168 3511 ‚
2217 3440 2280 3490 et
2339 3447 2463 3512 qua
2505 3426 2607 3490 hic
2655 3447 2793 3488 eam

593 3532 835 3594 ratione
863 3534 1177 3594 invaserit„
1258 3534 1423 3596 Haec
1466 3553 1631 3594 anno
1670 3542 1812 3616 post
1850 3530 2152 3615 Sapientis
2184 3526 2569 3592 Constantini
2587 3543 2791 3589 exces-

297 3647 741 3707 td,1.,v111sum
783 3642 1003 3715 quarto
1035 3635 1442 3717 contigerunt.
1529 3632 1748 3698 Palam
1774 3634 1962 3717 igitur
2002 3642 2117 3714 est,
2160 3630 2313 3693 haec
2347 3629 2429 3692 ab
2471 3627 2579 3690 illo
2604 3625 2791 3690 scribi

593 3745 655 3797 et
692 3735 758 3795 in
796 3733 1127 3816 syntagma
1169 3755 1349 3796 suum
1384 3734 1600 3796 inferri
1636 3754 1762 3796 non
1811 3735 2105 3817 potuisse.
2205 3728 2377 3810 Quid
2412 3749 2556 3812 ergo
2594 3735 2788 3789 statu·-

595 3833 824 3898 endum
837 3839 869 3895 ‘t
950 3833 1170 3895 Unum
1217 3846 1492 3917 superest
1537 3846 1644 3897 aut
1675 3834 1938 3896 alterum
1978 3843 2264 3897 statuere:
2310 3832 2440 3893 sive
2487 3829 2790 3890 iuniorem

592 3935 1066 3999 Constantinum
1083 3935 1768 4019 Porphyrogennetum,
1785 3935 2047 4000 Romani
2065 3933 2282 4013 filium,
2313 3928 2783 4014 SapientisCon-

591 4037 840 4097 stantini
901 4047 1185 4121 nepotem
1204 4082 1224 4117 ,
1270 4040 1472 4120 operis
1516 4037 1712 4098 nostri
1757 4047 2070 4098 auctorem
2122 4053 2275 4114 esse,
2316 4032 2417 4094 cui
2473 4027 2785 4093 ademtum

588 4132 874 4202 librarius
905 4155 1019 4225 per
1052 4157 1323 4201 errorem
1362 4151 1479 4201 avo
1510 4137 1817 4201 tribuerit:
1861 4147 1970 4203 aut
1998 4155 2128 4199 esse
2167 4133 2417 4220 quidm
2462 4133 2591 4195 eius
2617 4128 2784 4190 Con-
