3050 4900
539 314 680 376 xvl
916 300 927 309 ⁸
1257 312 1370 375 10.
1434 304 1594 376 IAC.
1670 306 1970 375 RElsxu

542 481 614 530 ut
639 467 959 530 hominum
1000 466 1320 529 doctorum
1348 467 1551 530 studia
1590 468 1656 526 in
1700 487 1765 528 se
1791 487 2161 530 conversura
2187 486 2260 530 ea
2296 481 2357 532 et
2385 469 2721 535 eitercitura

541 570 680 632 sint.
742 568 876 629 Uni
915 567 1202 650 placebit,
1253 570 1318 627 ni
1351 567 1555 646 fallor,
1583 569 1933 628 vestiariam
1985 588 2141 646 rem,
2190 567 2292 631 alii
2356 574 2726 651 numariam,

539 668 643 729 alii
683 667 901 731 domus
943 679 1232 750 augustae
1259 665 1458 729 officia
1496 667 1642 728 hinc
1681 665 2003 732 illustrare.
2086 669 2382 747 Quamvis
2423 674 2586 734 enim
2625 694 2724 750 ea,

541 790 699 852 quae
747 770 969 829 Leonis
1011 779 1072 829 et
1129 768 1510 830 Constantini
1561 767 1755 828 nostri
1802 779 2079 851 tempore
2133 772 2200 831 in
2254 793 2372 833 usu
2412 782 2585 833 erant
2605 816 2624 853 ‚
2684 792 2726 833 a

537 868 952 952 superioribus
1010 868 1336 930 Theodosii
1394 879 1457 929 et
1512 868 1832 928 lastiniani
1888 870 2262 952 temporibus
2316 882 2556 932 tantum
2609 870 2724 932 ab·

538 968 758 1030 ludant
775 1012 795 1047 ,
836 980 1133 1051 quantum
1180 979 1386 1030 secuta
1426 968 1881 1029 Comnenorum
1940 980 2002 1030 et
2057 968 2560 1053 Palaeologorum
2616 991 2723 1031 ex-

536 1078 850 1151 tremaque
889 1069 1206 1152 Byzantini
1247 1069 1416 1151 regni
1458 1076 1625 1129 aetas
1669 1067 1749 1127 ab
1790 1075 1988 1128 aetate
2025 1080 2375 1131 nostrorum
2430 1070 2722 1153 Porphy-

537 1180 1010 1251 rogennetorum
1053 1168 1312 1246 abludit,
1358 1167 1522 1250 quod
1565 1177 1801 1229 constat
1838 1167 2143 1229 Codinum
2195 1180 2336 1229 cum
2380 1168 2498 1229 boc
2536 1189 2726 1251 opere

536 1267 912 1348 confierenti3
968 1276 1224 1350 possunt
1259 1278 1463 1328 tamen
1505 1265 1613 1327 illa
1667 1276 1906 1329 vetusta
1958 1265 2229 1330 florentis
2280 1268 2539 1329 Romani
2598 1270 2722 1329 im-

536 1371 691 1450 perii
751 1379 1027 1451 tempora
1086 1379 1148 1429 et
1198 1368 1531 1450 Byzantina
1590 1365 1926 1449 primordia
1977 1387 2046 1428 ex
2105 1367 2224 1429 hoc
2284 1386 2469 1449 opere
2526 1365 2724 1430 multo

536 1469 730 1551 magis
755 1513 775 1549 ,
817 1488 1001 1551 quam
1043 1467 1161 1528 hoc
1202 1488 1356 1550 opus
1406 1487 1477 1527 ex
1525 1465 1763 1527 Codino
1783 1509 1802 1546 ‚
1845 1463 2160 1527 illustrari.
2243 1466 2447 1528 Erunt
2485 1484 2670 1549 porro
2694 1510 2717 1547 ‚

537 1571 644 1651 qui
691 1590 761 1629 ex
798 1565 1080 1629 indiculis
1121 1588 1408 1651 rogarum
1431 1611 1451 1647 ,
1495 1587 1603 1627 seu
1645 1587 1990 1627 annuorum
2030 1562 2474 1648 stipendiorum*
2506 1566 2724 1628 officiis

533 1667 819 1752 palatinis
859 1671 1192 1751 ceterisque
1231 1667 1581 1729 debitorum
1600 1710 1620 1746 ‚
1676 1667 1824 1727 item
1866 1687 1936 1727 ex
1984 1664 2267 1728 indiculis
2304 1668 2720 1749 impensorum

533 1771 603 1830 in
644 1767 1050 1852 expeditiones
1090 1768 1325 1852 aliquot
1369 1769 1707 1829 maritimas
1747 1777 1963 1827 contra
2024 1766 2357 1827 Saracenos
2401 1766 2722 1857 Cretenses

534 1881 866 1952 susceptas,
908 1869 1312 1930 aestimabunt
1351 1888 1493 1936 cum
1536 1865 1827 1927 militares
1865 1868 2103 1947 imperii
2147 1867 2465 1948 Byzantini
2478 1912 2500 1943 ,
2542 1865 2726 1948 quale

535 1981 683 2031 tunc
741 1979 873 2030 erat
889 2014 909 2050 ,
973 1980 1287 2031 terrestres
1341 1960 1798 2048 maritimasque
1855 1969 2059 2048 copias
2080 2010 2100 2046 ,
2154 1976 2288 2026 tum
2342 1968 2722 2049 pecuniarias

536 2090 781 2154 quoque
801 2114 821 2150 ‚
864 2071 1260 2154 institutaque
1304 2069 1755 2153 comparatione
1803 2067 2176 2127 Graecorum
2231 2067 2719 2127 centenariorum

535 2183 600 2233 et
627 2172 922 2233 librarum
961 2173 1096 2233 auri
1141 2192 1282 2233 cum
1327 2181 1596 2233 nostrate
1623 2171 1906 2252 pecunia,
1947 2169 2277 2245 invenient,
2318 2170 2441 2249 qua'
2479 2167 2716 2248 Byzan-

528 2274 804 2333 tinorum
855 2292 1067 2354 regum
1116 2281 1175 2333 et
1205 2274 1570 2333 nostratium
1610 2271 1919 2355 opulentia
1969 2266 2232 2329 differat.
2318 2267 2521 2327 Erunt
2564 2265 2714 2344 alii,

532 2375 641 2456 qui
680 2371 1009 2456 singularia
1049 2371 1350 2456 quaedam
1386 2372 1865 2457 disputationum
1908 2371 2106 2450 capita
2145 2366 2290 2427 hinc
2347 2366 2714 2449 decerpent3

533 2495 591 2535 e.
636 2496 714 2552 c.‚
754 2472 951 2557 qualis
986 2473 1171 2534 fixerit
1208 2472 1494 2536 ludorum
1536 2473 1912 2536 Circensium
1952 2468 2114 2553 apud
2159 2468 2523 2551 Byzantinos
2565 2488 2714 2527 con·

532 2576 766 2635 stitutio
788 2618 808 2653 ,
853 2594 952 2635 res
993 2572 1322 2634 admodum
1357 2573 1641 2656 obscura3
1685 2585 1771 2654 et,
1813 2591 1971 2656 quae
2003 2591 2130 2631 non
2162 2570 2364 2629 minus
2407 2578 2520 2644 est,
2563 2588 2718 2649 qua·-

531 2672 609 2734 lis
630 2673 830 2735 ,fixerit
864 2694 1005 2757 pars
1024 2718 1043 2754 ‚
1086 2671 1187 2736 vel
1227 2675 1548 2737 comitatus
1566 2720 1588 2755 ‚
1652 2674 2070 2757 Augustarum
2110 2669 2426 2753 Byzantii;
2469 2668 2716 2727 unetine

534 2771 760 2836 fiierint
806 2773 896 2834 illi
957 2774 1360 2858 Imperatores
1421 2775 1503 2836 ad
1558 2776 1916 2836 Latinorum
1966 2769 2343 2853 exemplum3
2400 2785 2717 2851 quousque

534 2894 734 2935 sermo
778 2874 1033 2936 Latinus
1074 2877 1139 2937 in
1180 2874 1322 2936 aula
1350 2875 1600 2936 CPtana
1634 2874 1966 2936 obtinuerit
1980 2916 1997 2950 ‚
2042 2882 2104 2933 et
2147 2869 2289 2931 illae
2330 2871 2631 2929 orationes
2671 2887 2716 2925 a

534 2995 746 3036 recens
800 2978 1164 3058 nuncupatis
1220 2975 1697 3058 Imperatoribus
1742 2997 1778 3036 e
1831 2971 2125 3034 tribunali
2182 2972 2424 3032 circove
2461 2967 2541 3028 ad
2590 2968 2712 3025 mi·-

530 3073 674 3136 lites
712 3074 944 3156 dictae,
985 3097 1144 3159 quae
1182 3086 1427 3137 nostrae
1466 3074 1748 3137 editionis
1789 3095 1826 3135 a
1873 3094 2016 3157 pag.
2060 3072 2182 3155 239
2216 3067 2359 3130 inde
2400 3066 2714 3148 leguntur,

533 3173 840 3236 fixerintne
880 3177 1128 3237 Graecis
1184 3176 1402 3238 iisdem
1460 3175 1666 3236 verbis
1721 3176 2006 3235 recitatae
2028 3217 2048 3253 ‚
2103 3193 2183 3232 an
2238 3168 2441 3253 potius
2494 3167 2715 3226 Latine

534 3276 818 3357 primitus
856 3269 1114 3336 dictatae
1130 3321 1150 3356 ‚
1193 3276 1412 3338 deinde
1452 3296 1602 3338 vero
1644 3297 1682 3337 a
1725 3276 1913 3337 Petro
1955 3274 2247 3356 Magistro
2296 3271 2365 3331 in
2410 3267 2716 3328 Graecum

537 3394 879 3436 sermonem
916 3395 1284 3455 conversae3
1327 3373 1496 3458 quod
1538 3375 1690 3437 mihi
1750 3374 1999 3458 quidem
2059 3367 2380 3455 probabile
2427 3368 2520 3429 fit.
2600 3366 2719 3428 Est

534 3495 611 3536 ea
641 3505 682 3556 ,·
721 3496 908 3558 quam
952 3475 1077 3535 dixi
1102 3519 1122 3554 ,
1180 3497 1322 3558 pars
1375 3477 1628 3559 insignis
1650 3521 1670 3556 ,
1728 3495 1985 3557 eamque
2025 3472 2260 3534 edendo
2311 3469 2526 3532 videor
2565 3466 2718 3528 mihi

536 3574 899 3658 particulam
937 3578 1139 3658 operis
1177 3575 1720 3658 desideratissimi,
1776 3575 1884 3637 sed
1944 3571 2177 3634 dudum
2233 3591 2349 3653 pro
2404 3565 2720 3651 deperdito

538 3675 758 3753 babiti,
800 3674 1081 3738 edidisse.
1166 3676 1634 3739 Constantinum
1661 3687 1940 3738 nostrum
1991 3670 2342 3755 colligendis
2375 3680 2436 3730 et
2479 3670 2547 3728 in
2584 3686 2719 3727 cer-

539 3785 635 3837 tos
672 3775 882 3848 titulos
927 3775 1270 3859 digerendis
1309 3778 1472 3839 scitis
1524 3789 1708 3861 atque
1751 3771 2247 3838 memorabilibus
2292 3779 2570 3830 veterum
2621 3763 2722 3825 lo-

541 3877 628 3937 cis
667 3875 1019 3958 diligentem
1061 3898 1311 3960 operam
1353 3878 1720 3962 impendisse
1738 3922 1757 3956 ,
1799 3896 1978 3938 nemo
2020 3873 2233 3934 nescit.
2316 3867 2514 3930 Erant
2569 3862 2723 3925 olim

540 3974 633 4037 illi
681 3975 845 4037 tituli
899 3998 1157 4039 numero
1223 3980 1665 4063 quinquaginta
1717 3989 1859 4039 tres.
1991 3973 2095 4035 Ad
2153 3991 2267 4031 nos
2324 3978 2528 4028 autem
2591 3984 2718 4025 non

541 4096 873 4160 pervenere
894 4121 913 4157 ‚
973 4079 1091 4140 nisi
1147 4078 1361 4141 titulus
1426 4081 1753 4162 vigesimus
1817 4076 2106 4159 septimus
2182 4069 2257 4130 de
2316 4063 2719 4150 legationibus

544 4179 774 4261 integer
802 4222 823 4260 ,
859 4199 1046 4263 opera
1084 4180 1311 4244 Fmavu
1349 4181 1663 4244 Unsmret
1699 4179 1962 4241 DAvmts
2005 4174 2366 4242 Homerum
2384 4190 2404 4251 3
2423 4185 2430 4190 ·
2449 4175 2508 4228 et
2557 4159 2719 4227 tituli

2515 4535 2938 4680 6²16?-
