3050 4900
558 6 689 72 νοις
743 0 1015 64 θεμασιν
1040 30 1058 48 .
1141 0 1183 68 η
1228 0 1298 48 οε
1354 0 1723 72 προελευσις
1779 0 1889 50 τοῦ
1945 0 2258 70 βασιλέως
2313 0 2424 54 καί
2477 0 2515 76 ἦ
2558 0 2735 69 τάξις

555 83 680 148 τῶν
737 82 1071 166 ταγμάτων
1111 82 1223 149 καί
1261 86 1387 151 τῶν
1425 85 1721 166 θεμάτων
1758 78 1838 171 ἦν
1878 83 2101 164 οὕτως.
2154 87 2572 174 περιεπάτουν
2612 90 2733 173 ἔμ-

554 187 831 268 προσθεν
888 186 1001 246 τοῦ
1061 186 1374 265 βασιλέως
1418 181 1505 260 ὦς
1549 181 1670 248 άπὸ
1713 184 1930 269 μιλίου
1990 190 2171 252 ἵπποι
2209 186 2368 270 μετὰ
2410 189 2730 273 ἀληθινῶν

552 282 910 367 βορκαὸάον
954 279 1063 345 διά
1110 284 1345 365 στίχων
1387 280 1541 365 δύο,
1601 282 1774 364 δεξιά
1814 284 1925 350 καί
1965 286 2304 373 α’ριστερά·
2383 294 2524 369 μετ’
2565 287 2766 352 ἐκεί-5

498 396 700 455 ονους
741 383 812 445 δὲ
856 380 912 446 οἱ
949 381 1268 464 βασιλικοὶ
1306 373 1632 468 ἄρχοντες·
1717 377 1849 449 εἶτα
1893 382 1955 449 οἱ
1993 386 2348 472 στράτωρες
2372 386 2539 469 ,μετά
2584 392 2726 452 σελ-

551 477 789 563 λαρίων
830 482 941 574 zat*
979 477 1246 565 ἧ,λοιπὴ
1301 485 1739 569 μυστικωτέρα
1779 480 1980 562 τάξις·
2063 480 2280 549 ἔπειτα
2321 484 2355 551 ὃ
2390 483 2725 569 βασιλεύς·

550 568 816 642 ὄπισθεν
858 580 929 643 δὲ
969 576 1191 644 τούτου
1236 578 1323 655 ὥς
1365 574 1489 644 οἷπό
1551 578 2014 666 σαγιττοβόλων
2067 586 2262 671 τριῶν
2301 578 2515 668 ὥσπερ
2561 582 2722 648 κατά

342 681 441 735 Με-
457 681 546 738 3.b
557 682 717 759 μίαν
758 676 1015 741 εύθείαν
1054 675 1132 740 τά
1191 678 1659 766 στρατεύματα.
1743 683 1853 747 καί
1884 684 2083 763 μέσον
2119 686 2238 765 μὲν
2278 681 2359 747 τά
2396 682 2721 765 τάγματα,

546 774 659 841 καὶ
696 776 934 842 τούτων
974 775 1054 841 τά
1097 775 1442 863 τιμιώτερα
1478 778 1587 844 ἐπὶ
1624 776 1734 845 τόν
1770 780 1963 862 μέσον
2004 780 2225 864 τόπον,
2267 784 2413 867 παρ’
2455 778 2803 864 ὲκιὶτεραῐο

548 876 620 939 δὲ
661 878 786 939 τῶν
841 875 1177 959 ταγμάτων
1217 873 1296 942 τά
1339 880 1627 960 θέματα,
1691 878 1801 964 καὶ
1847 877 2086 946 τούτων
2125 884 2544 965 πλησιέστερα
2584 889 2719 954 τοῖς

544 976 824 1062 τάγμασι
861 975 937 1040 τά
983 974 1344 1064 ἐνδοξότερα
1383 982 1505 1044 τῶν
1562 976 1880 1061 θεμάτων.
1964 977 2027 1051 οἱ
2065 981 2136 1045 δὲ
2174 978 2253 1045 τά
2293 972 2571 1065 &atqua
2613 977 2724 1043 καὶ

542 1070 657 1151 τὰς
700 1071 888 1150 ὁδούς
927 1076 1038 1159 τῆς
1076 1075 1386 1162 ἡμετέρας
1425 1079 1540 1162 γῆς
1594 1081 1948 1159 κατέχοντες
2010 1081 2122 1145 καὶ
2175 1077 2580 1163 γινώσκοντες
2659 1075 2721 1141 οἱ

471 1173 662 1252 Βμὲν
723 1175 1193 1259 προελάμβανον
1243 1166 1403 1262 μετά
1456 1178 1571 1260 τῆς
1626 1173 1853 1263 κόρτης
1894 1176 2006 1242 καὶ
2033 1182 2142 1263 τῆς
2185 1175 2576 1264 ὑπουργίας,
2653 1172 2715 1240 οἶ

540 1270 613 1334 δὲ
654 1269 1023 1359 ἔμπροσθεν.
1066 1277 1190 1339 τῶν
1244 1272 1533 1356 θεμάτων
1586 1280 1964 1362 προέτρεχον
2016 1276 2529 1351 ὑποδεικνύοντες
2571 1271 2797 1350 τοὺςιό

548 1376 677 1441 τῶν
710 1376 1005 1460 ποταμαῖν
1061 1369 1296 1458 πόρους
1353 1372 1463 1437 καὶ
1500 1374 1616 1450 τὰς
1674 1374 1929 1451 εὐθείας
1984 1371 2192 1453 ὁδούς.
2272 1373 2415 1450 τούς
2457 1378 2528 1439 δὲ
2569 1372 2720 1458 ὁδη-

539 1471 693 1560 γούς
733 1473 879 1537 καθ’
936 1476 1191 1574 ἓηαστον
1231 1476 1402 1553 θέμα
1454 1481 1741 1556 κατεῖχεν
1781 1471 1816 1538 ὅ
1861 1475 2275 1560 δρουγγάριος
2313 1478 2423 1559 τῆς
2459 1477 2714 1558 βίγλης*

538 1568 707 1655 ὖπῆρ
712 1593 830 1653 χον
889 1572 960 1636 δὲ
1011 1571 1128 1635 ὑπ’
1207 1566 1380 1659 αύτῷ
1434 1573 1545 1637 καί
1601 1571 1670 1637 αἱ
1728 1576 2093 1659 παραμοναί
2151 1574 2277 1639 τῶν
2347 1572 2714 1658 στρατηγῶν

537 1664 698 1753 πρὸς
735 1666 805 1734 τὸ
847 1671 931 1738 δι’
972 1664 1172 1734 αὖτοῢ
1206 1670 1473 1755 μηνύειν
1494 1679 1626 1747 τοῖς
1653 1681 2022 1757 στρατηγοῖς
2059 1668 2137 1735 τά
2168 1670 2545 1751 κελευόμενα
2588 1670 2713 1733 αύ-

538 1775 692 1845 τοῖς.
774 1768 814 1853 ἦ
858 1771 928 1835 δὲ
986 1765 1195 1856 πρώτη
1263 1767 1420 1856 δοχή
1489 1765 1753 1836 ἑκάστου
1814 1773 2093 1853 θέματος
2143 1762 2221 1857 ἦν
2259 1763 2497 1845 οὕτως·
2579 1763 2792 1835 ἆπόαο

538 1989 735 2051 sarios‚
788 1990 906 2059 ipse
954 1990 1255 2058 Imperator
1309 1988 1570 2061 erogabat
1612 2006 1681 2042 ex
1717 1988 1865 2043 idieo
1908 2006 2005 2042 seu
2058 1991 2269 2059 privato
2312 2007 2413 2043 suo
2456 1989 2708 2059 pecuum

532 2061 827 2129 praecipue
870 2061 1203 2113 maiumadas
1251 2061 1492 2115 militum
1537 2060 1853 2131 praestabat
1899 2059 2044 2123 iuis,
2093 2063 2189 2130 qui
2236 2078 2267 2112 e
2318 2058 2707 2113 remotioribus

532 2129 869 2182 thematibus
922 2138 1019 2181 aut
1061 2132 1355 2201 provinciis
1409 2132 1679 2184 venirent.
1749 2132 2026 2186 Processio
2071 2132 2429 2199 -lmperatoris
2479 2139 2535 2184 et
2571 2129 2707 2182 ordo

534 2208 828 2269 tagmatum
851 2218 947 2257 seu
978 2200 1283 2254 cohortium
1306 2201 1588 2254 custodiae
1620 2202 1757 2253 sacri
1788 2202 2031 2269 eorporis
2070 2207 2127 2252 et
2153 2202 2440 2254 comitatui
2469 2202 2706 2271 deputa-

530 2278 710 2324 tarum
760 2279 817 2323 et
857 2270 1168 2324 thematum.
1208 2289 1303 2324 seu
1343 2272 1623 2339 legionum
1678 2272 2100 2339 provincialium
2149 2280 2266 2324 erat
2303 2275 2361 2324 in
2394 2273 2542 2325 hune
2582 2288 2708 2324 mo-

538 2342 684 2395 dum.
757 2341 921 2393 Primi
974 2359 1154 2394 coram
1203 2343 1534 2410 Imperatore
1585 2341 1961 2412 procedebant
2004 2342 2075 2393 ad
2115 2344 2346 2396 miliaris
2386 2341 2703 2396 distantiam

536 2414 691 2484 equi,
728 2413 979 2482 stragulis
1010 2414 1150 2466 veris
1175 2430 1270 2465 seu
1310 2414 1600 2483 purpureis
1634 2413 1793 2477 tecti,
1843 2429 1944 2483 per
1984 2414 2152 2482 paria.
2227 2415 2352 2466 Post
2387 2430 2478 2465 eos
2508 2412 2705 2464 venie-

531 2482 668 2536 bant
714 2499 962 2553 proceres
1008 2487 1419 2550 comitatenses;
1476 2492 1592 2535 tum
1636 2492 1890 2536 stratores
1952 2500 2073 2535 cum
2119 2484 2349 2536 sellariis
2397 2501 2492 2535 seu
2529 2483 2701 2550 -equis

528 2555 736 2607 sellatis
783 2561 839 2605 et
903 2554 1145 2625 reliquus
1172 2555 1409 2608 Domino
1436 2555 1761 2607 familiarior
1788 2552 1939 2607 ordo.
2012 2554 2258 2607 Tandem
2299 2554 2414 2622 ipse
2453 2554 2700 2619 Impera·-

529 2631 629 2677 tor.
704 2626 829 2677 Post
878 2642 1001 2676 eum
1044 2625 1115 2675 ad
1150 2627 1379 2692 sagittae
1419 2633 1525 2676 tres
1574 2627 1746 2678 iactus
1784 2626 1942 2694 quasi
1972 2626 2029 2676 in
2062 2641 2227 2675 unam
2260 2631 2458 2674 rectam
2492 2622 2695 2672 lineam

528 2694 827 2764 dispositae
878 2693 1036 2747 ibant
1072 2696 1339 2746 militares
1388 2697 1597 2764 copiae.
1677 2696 1744 2746 In
1799 2694 1982 2747 medio
2020 2693 2176 2746 ibant
2221 2700 2483 2762 tagmata;
2533 2699 2589 2742 et
2635 2691 2697 2742 in

527 2766 648 2834 ipso
694 2766 909 2817 mediae
965 2766 1103 2818 aciei
1141 2766 1454 2819 meditullio
1502 2766 1817 2819 honestiora
1862 2771 2132 2833 tagmata;
2179 2763 2471 2830 cingebant
2511 2769 2697 2813 autem

526 2852 619 2886 eos
660 2834 938 2900 themata,
986 2844 1140 2888 tanto
1179 2853 1430 2907 quaeque
1475 2854 1505 2887 a
1556 2835 1889 2906 tagmatibus
1925 2835 2213 2905 propiora,
2261 2840 2467 2902 quanto
2513 2839 2698 2884 essent

524 2905 861 2963 honestiora.
928 2907 1143 2969 Eorum,
1182 2907 1277 2977 qui
1318 2908 1629 2960 mansiones
1668 2915 1963 2959 castrenses
2001 2912 2057 2956 et
2092 2906 2204 2956 vias
2244 2920 2341 2972 per
2384 2911 2552 2954 terras
2593 2919 2695 2954 no-

526 2984 670 3034 strae
711 2975 938 3028 ditionis
972 2977 1313 3046 occupabant
1345 2985 1401 3031 et
1433 2977 1739 3039 callebant,
1795 2993 1919 3045 pars
1958 2973 2207 3044 praeibat
2239 2991 2362 3025 cum
2399 2981 2549 3026 corte
2598 2990 2696 3025 seu

526 3048 765 3099 tentorio
819 3055 1044 3117 augusto
1090 3056 1148 3100 et
1206 3065 1328 3101 cum
1383 3048 1658 3100 famulitio
1703 3048 1920 3099 culinae
1961 3044 2302 3108 dominicae3
2348 3061 2471 3112 pars
2511 3051 2696 3095 autem

528 3117 916 3185 praecurrebat
970 3134 1150 3170 coram
1191 3118 1562 3181 thematibus,
1616 3117 1989 3169 demonstrans
2036 3115 2169 3200 ipsis
2221 3114 2357 3168 vada
2407 3115 2696 3167 fluviorum

525 3189 751 3257 viasque
792 3195 963 3239 rectas
987 3197 1043 3240 et
1075 3190 1475 3243 consectandas.
1548 3189 1682 3241 Viae
1711 3187 1960 3241 ductores
1993 3186 2052 3237 in
2085 3202 2422 3269 unoquoque
2454 3184 2696 3237 themate

526 3273 622 3309 seu
661 3257 913 3310 districtu
953 3258 1177 3312 tenebat
1216 3278 1395 3312 seeum
1451 3258 1769 3327 drungarius
1814 3257 2073 3327 vigiliae3
2123 3256 2223 3309 sub
2264 3273 2417 3308 cuius
2455 3255 2696 3324 disposi-

525 3328 680 3382 tione
720 3328 887 3379 etiam
931 3329 1184 3400 deputati
1229 3330 1534 3384 identidem
1582 3329 1854 3381 obeundis
1907 3328 1967 3381 in
2017 3326 2293 3398 praetorio
2338 3326 2694 3379 excubiarum

519 3397 734 3450 vicibus
762 3399 1002 3467 magistri
1039 3401 1277 3453 militum
1305 3409 1490 3462 erant,
1528 3398 1695 3469 idque
1731 3399 1887 3461 ideo,
1939 3399 2071 3466 quia
2099 3399 2399 3467 Imperator
2430 3395 2563 3464 ipsis
2596 3411 2694 3463 per

525 3467 877 3536 drungarium
909 3471 1131 3541 vigiliae
1162 3472 1390 3541 imperia
1425 3488 1520 3522 sua
1554 3471 1858 3541 significare
1895 3469 2052 3522 solet.
2127 3469 2184 3520 Si
2212 3467 2362 3538 quod
2393 3470 2693 3535 Imperato-

455 3560 482 3582 ι
522 3555 638 3589 rem
682 3539 865 3592 thema
910 3558 1005 3593 seu
1050 3541 1194 3608 logio
1228 3543 1580 3613 provincialis
1623 3559 1719 3611 pro
1758 3540 1931 3609 prima
1980 3542 2098 3591 vice
2141 3540 2436 3597 salutaret,
2485 3536 2692 3587 fiebant

522 3606 673 3663 haec.
743 3609 830 3664 Ad
876 3609 983 3666 duo
1034 3620 1207 3669 tresve
1245 3614 1473 3681 sagittae
1504 3613 1677 3665 iactus
1717 3611 1958 3665 distabat
1989 3608 2133 3662 illud
2163 3608 2375 3675 thema,
2423 3607 2481 3660 in
2514 3604 2690 3657 aciem
