3050 4900
1006 1020 1401 1127 IOANMS
1448 1018 1860 1098 HENmm
1907 1021 2283 1100 menn

906 1185 2418 1283 COMMENTATIO

1607 1386 1692 1423 DE

745 1498 1119 1576 VITA
1204 1501 1381 1575 ET
1462 1500 1933 1577 REBUS
2018 1454 2558 1578 GESTIS

610 1660 1484 1725 CONSTANTINI
1589 1661 2713 1725 PORPHYROGENITI

1214 1775 1684 1830 IMPERATORIS
1731 1776 2117 1830 BYZANTINI.

251 2098 354 2156 Ed.
370 2026 1015 2153 1..meonstantini
1061 2078 1575 2164 Porphyrogeniti
1597 2125 1618 2159 ‚
1659 2080 1831 2143 cuius
1877 2101 1974 2143 res
2035 2101 2183 2163 pace
2227 2080 2511 2165 belloque
2565 2092 2766 2166 gestas

584 2168 850 2228 scribere
907 2187 1221 2248 aggressus
1281 2186 1416 2224 sum
1439 2208 1459 2241 ‚
1531 2167 1597 2224 in
1659 2186 1732 2224 ea
1789 2165 1917 2226 sere
1964 2176 2239 2247 tempora
2294 2178 2459 2227 aetas
2506 2167 2718 2228 incidit
2738 2208 2762 2243 ‚

580 2251 804 2333 quibus
847 2251 1086 2331 imperii
1121 2292 1141 2327 ‚
1195 2250 1441 2309 maximi
1489 2247 1835 2329 quondam,
1878 2259 1940 2309 et
1980 2260 2119 2330 post
2166 2250 2420 2310 deorum
2451 2270 2602 2331 opes
2641 2271 2768 2308 aesn-

582 2333 1116 2418 plissimi,tantum
1143 2331 1363 2391 umbra
1388 2330 1689 2412 quaedam
1724 2342 1785 2391 et
1813 2334 2013 2413 imago
2044 2344 2377 2414 supererat.
2427 2332 2767 2414 Postquam

585 2415 814 2478 scilicet
855 2437 927 2478 eo
965 2425 1326 2498 perventum
1380 2424 1509 2475 erat
1538 2460 1557 2491 ,
1600 2424 1671 2475 ut
1733 2412 2153 2498 largitionibus
2213 2427 2318 2477 aut
2358 2420 2541 2478 armis
2601 2419 2772 2477 viam

585 2500 704 2561 sibi
753 2500 832 2561 ad
881 2521 1137 2582 regnum
1180 2498 1427 2581 plurimi
1477 2509 1765 2580 pararent
1787 2543 1806 2574 ,
1849 2499 2072 2559 scelere
2109 2512 2355 2582 partum
2398 2503 2657 2584 pessime
2706 2509 2773 2560 et

588 2583 1002 2644 crudelissime
1053 2593 1332 2666 gererent
1346 2627 1365 2660 ‚
1408 2579 1704 2641 fluctuare
1758 2582 2099 2663 respublica
2118 2626 2137 2660 ,
2193 2595 2254 2644 et
2313 2603 2352 2643 a
2412 2586 2535 2645 suis
2580 2594 2773 2644 recto-

591 2667 764 2728 ribus
818 2666 1105 2727 destituta
1154 2669 1218 2726 in
1260 2663 1539 2725 ultimam
1592 2666 1923 2747 perniciem
1967 2665 2184 2726 adduci
2237 2669 2458 2748 coepit.
2544 2665 2773 2727 Civiles

593 2753 757 2810 enim
806 2749 1143 2810 discordiae
1200 2759 1261 2809 et
1318 2759 1595 2830 potentes
1641 2769 1964 2829 procerum
2027 2748 2314 2810 factiones
2338 2794 2356 2828 ‚
2414 2772 2554 2811 cum
2599 2770 2772 2810 sum-

594 2855 759 2893 mam
810 2844 1166 2914 potestatem
1215 2832 1293 2891 ad
1339 2853 1403 2891 se
1453 2853 1669 2913 rapere
1721 2829 1941 2912 singuli
1995 2828 2222 2893 vellent
2243 2877 2262 2908 ‚
2306 2837 2509 2894 omnia
2552 2834 2775 2893 misere

592 2916 924 2977 turbarunt
956 2937 975 2976 ε
1044 2927 1108 2975 at
1168 2915 1488 2991 caedibu3‚
1550 2926 1656 2975 aut
1713 2917 1947 2996 rapinis
1984 2960 2003 2993 ,
2067 2926 2173 2975 aut
2225 2917 2528 2976 veneficiis
2552 2961 2571 2993 ‚
2615 2907 2776 2997 quae

592 2998 850 3060 lectores
902 3019 1146 3081 quoque
1186 2998 1388 3058 taedio
1432 2995 1704 3057 afficiunt
1726 3042 1745 3074 ‚
1789 2997 2208 3076 obscuratam,
2266 3019 2405 3058 raro
2453 2999 2531 3058 ad
2587 3020 2778 3079 nepo-

590 3093 685 3144 tes
723 3082 1181 3144 transtulerunt.
1263 3081 1362 3141 Sic
1422 3081 1549 3141 Leo
1594 3080 1744 3141 olim
1814 3081 2118 3141 Isauricus
2139 3077 2170 3160 ‚‘
2220 3083 2305 3140 sic
2351 3081 2732 3162 Nicephorus
2753 3125 2778 3161 ‚

596 3169 684 3227 sic
734 3165 1001 3227 Michaiil
1048 3164 1273 3227 Balbus
1298 3208 1317 3243 ,
1361 3166 1447 3224 sic
1492 3163 1750 3225 Basilius
1805 3163 2062 3224 Macedo
2086 3207 2105 3240 ,
2151 3162 2528 3224 Constantini
2566 3186 2720 3226 avus
2749 3209 2776 3244 ‚

597 3249 679 3309 ab
729 3248 981 3329 ignobili
1036 3249 1270 3330 origine
1340 3246 1419 3307 ad
1479 3268 1833 3329 supremum
1905 3247 2210 3329 fastigium
2295 3250 2569 3328 provecti
2641 3269 2780 3309 me·-

595 3342 946 3392 morantur.
1030 3332 1247 3392 Virtus
1295 3350 1483 3412 porro
1523 3342 1586 3391 et
1638 3330 1830 3414 gloria
1875 3330 2295 3389 Romanorum
2363 3334 2734 3391 exercituum
2759 3374 2783 3409 ‚

597 3417 801 3475 numis
849 3424 909 3474 et
953 3412 1214 3497 publicis
1260 3416 1671 3475 monumentis
1703 3412 2013 3496 quondam
2068 3412 2394 3491 celebrata,
2434 3413 2663 3474 desidia
2718 3424 2783 3474 et

598 3500 818 3560 inertia
857 3507 990 3557 tum
1035 3496 1216 3577 plane
1274 3509 1605 3558 evanuerat
1626 3540 1646 3574 ,
1705 3495 2006 3579 praesidia
2056 3496 2404 3578 regionibus
2447 3500 2729 3580 imposita
2756 3541 2778 3575 ‚

600 3581 769 3643 haud
808 3578 1077 3640 invalida
1124 3578 1231 3640 illa
1281 3580 1554 3661 quidem,
1600 3591 1706 3642 aut
1733 3582 1945 3664 exigua
1966 3624 1983 3658 ,
2026 3579 2187 3640 hosti
2231 3580 2420 3641 feroci
2453 3590 2516 3642 et
2557 3579 2780 3640 callido

598 3657 736 3725 ‘non
773 3661 1150 3724 sufficiebant
1171 3706 1192 3741 ‚
1248 3684 1360 3724 nec
1416 3664 1544 3724 ulla
1597 3686 1733 3747 spes
1781 3665 1844 3724 in
1902 3662 2138 3725 auxiliis
2191 3663 2586 3724 finitimarum
2629 3685 2783 3745 gen-

603 3749 760 3808 tium
797 3757 927 3807 erat
947 3790 966 3824 ‚
1008 3744 1149 3807 licet
1190 3747 1254 3806 in
1293 3750 1642 3830 provincias
1681 3748 2019 3831 descriptae
2064 3746 2246 3808 urbes
2273 3746 2586 3828 praesectis
2631 3747 2784 3807 sub-

606 3832 797 3891 iectae
841 3839 1060 3890 essent.
1147 3829 1306 3890 Hinc
1351 3833 1868 3913 opportunitatem
1924 3830 2282 3891 contermini
2331 3829 2543 3913 populi
2590 3830 2778 3906 nacti,

606 3913 757 3974 fines
821 3914 992 3993 regni
1062 3915 1252 3996 magis
1327 3917 1640 3996 magisque
1701 3917 2141 3974 imminuerunt
2184 3957 2204 3994 ,
2259 3933 2384 3972 non
2452 3913 2785 3975 ambitione

608 4007 719 4057 aut
766 3994 1166 4056 aemulatione
1210 3995 1440 4079 gloriae
1464 4041 1483 4073 ‚
1529 3997 1635 4057 scd
1669 3997 1838 4080 qnod
1866 3998 2135 4080 angustis
2171 3997 2446 4058 terminis
2486 4000 2783 4058 immensa

608 4077 936 4140 multitudo
956 4082 1250 4141 contineri
1287 4101 1410 4141 non
1438 4091 1702 4163 poterat,
1743 4081 1823 4142 ad
1857 4101 2030 4141 arma
2047 4079 2487 4142 commovenda
2520 4081 2780 4143 excitati.

611 4161 890 4225 Turbata
918 4165 1043 4225 iam
1080 4162 1315 4226 dudum
1354 4161 1584 4246 Apulia
1627 4175 1690 4227 et
1739 4162 2024 4227 Calabria
2067 4174 2223 4248 erat,
2267 4162 2475 4228 Sicilia
2501 4163 2783 4245 nutabat,
