3050 4900
554 311 664 374 nn
721 306 1115 375 emmor«.
1171 308 1446 375 AULAE
1499 266 1833 378 nm.
1901 320 1980 379 11.
2027 322 2125 389 13.
2260 290 2418 391 561

265 485 416 539 τους
457 462 516 526 οἰ
556 465 895 546 βασιλικοὶ,
953 466 1065 528 καί
1106 456 1230 528 ἇπὸ
1271 464 1397 529 τῶν
1446 466 1645 532 ἐκεῖσε
1684 466 2053 536 ἱππεύουσιν
2104 469 2161 535 οἱ
2206 471 2433 538 δεσπό-

265 588 375 628 ται
415 561 526 628 καί
565 556 957 647 οἷπέρχονται
1012 565 1208 648 μέχρι
1246 567 1362 628 τοῦ
1418 560 1539 641 ἔξω
1579 567 1976 648 προπυλαίου
2039 572 2157 634 τοῦ
2193 573 2285 648 εἰς
2322 569 2461 636 τὸν·

177 746 186 754 .
269 660 571 745 ἔμβολον,
630 663 743 725 καί
802 664 929 726 τῶν
987 663 1194 726 ἵππων
1247 663 1446 728 ἐκεῖσε
1503 663 1844 747 ἀποβάντες
1862 714 1881 748 ,
1941 663 2313 752 ἇνέρχονται
2350 668 2432 735 τὰ

269 760 521 841 σκαλία,
563 760 673 823 καί
711 761 1073 844 διέρχονται
1114 758 1223 824 διὰ
1264 763 1381 824 τοῦ
1420 758 1577 848 πρὸς
1610 756 1920 848 ἀνατολὴν
1954 766 2165 844 δεξιοῦ
2200 770 2437 855 μέρους

233 861 385 926 ὄτοῦ
427 859 761 944 λουτῆρος.
847 860 1046 923 ἐκεῖσε
1099 859 1224 944 γὰρ
1272 862 1560 926 ἵστανται
1618 864 1730 926 καί
1772 863 2067 946 δέχονται
2123 865 2273 944 τούς
2334 869 2439 932 δε·-

267 955 510 1034 σπὸτοις
548 956 613 1022 οἵ
646 980 714 1021 τε
741 951 1075 1041 μα’γιστροι
1111 959 1222 1023 καί
1264 962 1582 1046 πατρίκιοι
1618 960 1732 1025 καί
1767 962 1826 1026 οἱ
1868 962 2078 1029 λοιποί
2111 972 2438 1053 συγκλητι-

269 1055 376 1121 κοί
415 1055 525 1121 καί
558 1058 875 1139 βασιλαοί
915 1048 1274 1142 ἅνθρωποι,
1335 1056 1449 1123 καί
1487 1056 1611 1124 ἀπὸ
1644 1063 1772 1124 τῶν
1809 1065 2009 1127 §news
2049 1067 2482 1152 εἰσέρχονταιΒ

273 1154 337 1221 οἱ
377 1152 680 1221 δεσπόται
720 1156 810 1232 εἰς
849 1153 962 1221 τὸν
1001 1154 1290 1243 νάρθηκα
1308 1208 1329 1241 ,
1368 1160 1479 1224 καί
1516 1159 2040 1246 περιβαλλόμενοι
2075 1161 2155 1228 τὰ
2192 1189 2432 1251 χρυσο-

273 1253 673 1341 περίκλειστα
711 1253 923 1338 σαγία,
966 1249 1275 1322 ἅπτουσιν
1308 1255 1541 1343 κηροὺς
1581 1262 1672 1335 εἰς
1697 1259 1814 1336 τὰς
1851 1263 2181 1344 βασιλικὰς
2221 1264 2444 1340 πύλας.

204 1353 393 1423 tonat*
439 1354 678 1428 εὐθέως
718 1357 1116 1441 εἰσέρχονται
1170 1358 1281 1420 καί
1317 1357 1678 1441 διέρχονται
1727 1357 1834 1423 διὰ
1878 1360 2076 1441 με’σου
2128 1365 2245 1427 τοῦ
2286 1365 2445 1428 ναοῦ

276 1452 391 1519 καί
428 1455 538 1537 τῆς
576 1450 893 1537 σωλαίας,
937 1452 1049 1517 καί
1086 1451 1276 1518 πάλιν
1315 1450 1621 1521 ἅπτουσιν
1660 1455 1890 1541 κηρούς
1926 1457 2045 1536 ἔξω
2085 1463 2211 1526 τῶν
2250 1458 2447 1545 ἁγίων
2506 1526 2531 1551 ,

274 1556 534 1639 θυρῶν,
587 1552 700 1616 καί
736 1552 1127 1637 εἰσέρχονται
1168 1554 1260 1628 εἰς
1298 1551 1370 1618 τὸ
1416 1549 1594 1637 ἅγιον
1654 1555 2141 1642 θυσιαστήριον,
2205 1559 2314 1624 καί
2371 1562 2450 1624 d-

280 1653 630 1729 σπάζονται
665 1647 780 1733 τὴν
818 1648 1092 1735 ἐνδυτὴν
1133 1650 1245 1714 καί
1300 1648 1419 1736 τὴν
1470 1653 1589 1716 τοῦ
1638 1654 1967 1740 μάρτυρος
2004 1656 2190 1740 ἁγίαν
2227 1659 2449 1742 κάραν,

283 1752 396 1816 καί
434 1749 797 1833 διέρχονται
837 1746 947 1813 διὰ
1007 1752 1122 1813 τοῦ
1161 1746 1322 1835 πρὸς
1360 1748 1672 1827 ἀνατολὰς
1728 1756 1847 1816 τοῦ
1882 1753 2162 1837 βήματος
2197 1749 2453 1841 ἄριστε-

213 1850 404 1937 ιὸροῦ
444 1849 680 1933 μέρους
702 1897 722 1933 ,
795 1846 906 1913 καί
956 1848 1026 1913 ἒν
1080 1850 1169 1936 τῷ
1209 1850 1408 1914 ἐκεῖσε
1460 1851 1808 1938 τετρασέρῳ
1849 1852 2277 1937 εἰσέρχονται,
2348 1858 2460 1920 καί

280 1944 477 2013 πάλιν
505 1944 627 2011 ὑπὸ
654 1948 781 2011 τῶν
806 1945 1027 2030 ἱερέων
1061 1949 1492 2033 προσφέρεται
1522 1947 1562 2034 ἦ
1598 1948 1746 2033 ἁγία
1774 1948 1953 2035 κάρα,
1990 1955 2099 2014 καί
2121 1950 2311 2017 πάλιν
2338 1977 2456 2035 με·

282 2043 365 2123 τοὶ
409 2047 619 2130 κηριὸν
648 2041 773 2110 ὖπὸ
809 2048 933 2111 τῶν
971 2046 1284 2111 δεσποτῶν
1313 2056 1768 2131 προσκυνεῖται,
1794 2045 1905 2112 καί
1929 2043 2035 2112 ἀπ’
2070 2049 2265 2134 αὐτῆς
2294 2059 2514 2134 λαμ-α

284 2142 588 2228 βαίνουσιν
618 2140 797 2228 ἅγιον
831 2138 1267 2229 ἆπομύρισμα,
1330 2146 1442 2209 καί
1472 2148 1835 2231 ἐξέρχονται
1863 2147 1950 2224 εἰς
1979 2145 2047 2212 τὸ
2088 2148 2340 2235 ἐξιέερον
2368 2152 2457 2226 εἰς

286 2242 356 2311 τὸ
378 2247 580 2310 έκεῖσε
622 2240 1136 2328 ιῖναδενδροίδιον,
1186 2236 1431 2309 κοῖκεῖσε
1476 2242 1933 2325 σκεπαζόμενοι
1964 2247 2341 2329 ἐκβάλλουσι
2375 2248 2460 2314 τοὶ

151 2384 160 2391 -
210 2339 749 2428 ηοσκαραμοὶγγια,
798 2340 908 2405 καί
944 2339 1199 2423 κολόβια
1239 2342 1750 2425 περιβαλλόμενοι
1788 2339 2313 2431 ὑποστρέφουσιν,
2355 2372 2459 2412 κε-

288 2439 581 2509 λεύουσιν
615 2438 894 2529 ἔφιπποι,
926 2442 1122 2526 μέχρι
1151 2442 1263 2506 τοῦ
1296 2441 1633 2524 παλατίου,
1663 2440 1986 2509 κελεύουσι
2016 2448 2177 2527 πλοῒ,
2213 2440 2286 2511 ὃν
2312 2446 2462 2529 τρό-

290 2566 408 2607 πον
446 2543 777 2627 εἰρήκαμεν
816 2538 932 2626 τῆν
972 2538 1211 2606 τούτων
1252 2531 1492 2627 ἄφιξιν.
1536 2542 1760 2625 ἰστέον,
1809 2535 1930 2625 ὅτι,
1970 2546 2123 2608 πλοῒ
2152 2545 2463 2628 ὑποστρε-

294 2641 541 2729 φόντων
570 2644 696 2707 τῶν
724 2642 1056 2724 δεσποτῶν,
1096 2634 1283 2718 ὅσους
1319 2633 1399 2706 ἂν
1418 2636 1793 2709 κελεύσωσιν
1819 2642 2309 2728 συνεστιαθῆναι
2337 2645 2461 2712 τῶν

290 2865 382 2919 Ibi
419 2862 808 2918 descendentes
859 2880 928 2916 ex
973 2863 1129 2935 equis
1183 2863 1482 2917 ascendunt
1523 2881 1623 2933 per
1668 2865 1894 2926 scalam,
1957 2872 2013 2918 et
2046 2871 2328 2920 transeunt
2361 2884 2463 2937 per

294 2938 542 2992 dextram
577 2936 897 2988 orientalem
937 2935 1148 3005 plagam
1192 2935 1385 2987 luteris
1421 2952 1517 2987 seu
1564 2935 1908 3004 baptisterii,
1958 2936 2054 2988 ubi
2106 2955 2138 2989 a
2192 2929 2463 3006 magistris

293 3016 354 3062 et
390 3006 635 3076 patriciis
656 3005 994 3077 reliquisque
1027 3007 1312 3058 senatoriis
1339 3014 1397 3058 et
1431 3005 1802 3074 imperialibus
1824 3004 2137 3059 hominibus
2174 3009 2464 3076 excipiun-

293 3087 402 3131 tur.
503 3076 666 3128 Illinc
700 3075 908 3128 intrant
937 3076 997 3127 in
1044 3074 1400 3142 narthecem3
1457 3076 1555 3127 ubi
1599 3075 1778 3128 induti
1819 3093 1940 3145 saga
1988 3093 2085 3129 sua
2135 3093 2264 3129 auro
2309 3086 2463 3146 septa

295 3146 607 3201 accendunt
647 3163 829 3202 cereos
865 3145 923 3197 in
960 3154 1115 3216 porta
1155 3145 1413 3208 basilica,
1463 3162 1639 3216 eoque
1689 3148 1833 3199 facto
1861 3185 1877 3210 ,
1929 3147 2136 3197 intrant
2183 3148 2243 3200 in
2284 3148 2465 3200 eccle-

296 3220 465 3283 siam,
500 3225 788 3272 transeunt
828 3233 927 3286 per
980 3233 1144 3270 naum
1179 3223 1235 3268 et
1279 3232 1377 3285 per
1413 3215 1618 3268 soleam
1646 3256 1660 3280 ‚
1709 3233 1891 3269 rursus
1926 3215 2230 3269 accendunt
2276 3234 2463 3271 cereos

297 3305 479 3342 coram
514 3288 711 3341 sanctis
754 3288 963 3340 foribus
984 3324 1000 3350 ,
1037 3285 1243 3339 intrant
1279 3288 1338 3339 in
1374 3286 1805 3354 thysiasterium,
1853 3287 2161 3339 osculantur
2208 3287 2462 3355 endytam

300 3370 359 3413 et
395 3368 637 3413 sanctum
672 3360 920 3425 martyris
956 3364 1147 3426 caput3
1196 3366 1312 3408 tum
1351 3364 1635 3410 transeunt
1680 3374 1779 3427 per
1826 3358 2098 3424 sinistram
2139 3358 2463 3411 orientalem

297 3431 510 3501 plagam
557 3429 785 3482 bematis
823 3437 880 3480 et
920 3428 1129 3479 intrant
1179 3427 1236 3478 in
1274 3434 1624 3490 tenueram,
1672 3425 1821 3498 quod
1858 3426 1939 3477 ibi
1997 3434 2080 3478 est
2117 3425 2229 3499 [seu
2266 3429 2463 3481 cellam

302 3509 535 3579 quatuor
575 3500 708 3552 seris
750 3496 1056 3569 munitaml.
1139 3497 1277 3548 Illuc
1312 3497 1445 3566 ipsis
1498 3496 1679 3550 denuo
1717 3502 2095 3568 praesentatur
2138 3515 2170 3549 a
2212 3498 2467 3552 sacerdo·-

301 3568 452 3620 tibus
493 3578 671 3622 sancta
715 3586 836 3621 cara
886 3585 981 3620 seu
1018 3574 1263 3618 sanctum
1301 3574 1491 3636 caput3
1540 3567 1692 3637 quod
1731 3568 1952 3626 Domini
1986 3584 2168 3620 rursus
2217 3586 2339 3620 cum
2378 3586 2468 3621 ac-

303 3639 479 3692 censis
515 3643 682 3693 cereis
717 3640 974 3706 adorant3
1004 3647 1060 3691 et
1096 3636 1166 3688 ab
1210 3640 1332 3707 ipso
1369 3636 1645 3706 accipiunt
1669 3646 1911 3690 sanctum
1951 3639 2312 3706 apomyrisma
2350 3637 2466 3721 [seu

305 3708 672 3762 destillantem
709 3727 885 3762 rorem
929 3708 1233 3761 sanctitatis
1274 3708 1639 3780 unctuosumJ.
1715 3708 1856 3760 Tum
1896 3716 2099 3760 exeunt
2170 3726 2230 3761 er
2268 3716 2468 3762 atrium

303 3780 367 3831 in
401 3777 867 3831 anadendradium
904 3776 1288 3850 [quincuncem
1325 3795 1420 3830 seu
1471 3777 1803 3852 arbor-etum]
1825 3814 1845 3841 ,
1896 3778 2051 3900 quod
2103 3780 2119 3829 i
2166 3780 2184 3831 i
2238 3788 2321 3830 est
2345 3817 2360 3843 ‚
2412 3788 2470 3832 et

304 3847 408 3904 sub
461 3848 748 3902 testudinis
784 3847 995 3901 ambitu
1032 3856 1239 3901 exuunt
1273 3848 1636 3918 scaramangia
1660 3884 1676 3911 ,
1726 3857 1783 3901 et
1834 3847 1891 3900 in
1935 3857 2072 3900 uunt
2118 3848 2366 3912 colobia,
2412 3858 2472 3903 et

305 3922 370 3972 in
428 3916 535 3971 hoc
575 3928 838 3988 apparatu
884 3927 1230 3972 revertuntur
1267 3918 1326 3970 in
1380 3918 1675 3988 palatium,
1729 3920 1842 3972 sive
1890 3920 1949 3969 in
2005 3919 2194 3987 equis,
2248 3920 2362 3972 sive
2411 3921 2471 3974 in

308 3988 600 4055 dromone3
638 3988 785 4060 quod
824 3992 1096 4057 posterius
1132 3989 1179 4041 si
1214 3989 1338 4051 fiat,
1375 3987 1569 4041 eodem
1602 3988 1763 4054 modo
1809 3990 1871 4040 fit
1914 3988 1976 4040 in
2009 3988 2185 4053 abitu,
2218 3997 2384 4060 atque
2413 3994 2472 4042 in

307 4059 546 4112 adventu
580 4060 789 4112 dictum
826 4059 946 4112 fuit.
1019 4060 1078 4112 Si
1114 4076 1213 4129 per
1252 4060 1433 4111 sinum
1485 4058 1648 4110 maris
1702 4058 1928 4111 Domini
1974 4068 2344 4122 revertantur,
2381 4062 2471 4112 in-

308 4137 462 4184 trant
507 4130 752 4199 ipsorum
792 4146 860 4181 ex
903 4128 1157 4182 mandato
1186 4128 1248 4182 in
1296 4128 1611 4182 dromonem
1642 4128 1807 4181 simul
1852 4147 1972 4181 cum
2015 4131 2148 4198 ipsis
2200 4141 2334 4201 quot
2377 4139 2473 4183 not

307 4205 420 4277 ipsi
452 4202 731 4255 voluerint
777 4199 1143 4272 iusserintqne
1184 4215 1468 4269 procerum
1517 4214 1585 4251 eo
1638 4196 1731 4251 die
1770 4215 1950 4252 secum
1996 4201 2222 4269 epulari.
2310 4149 2472 4253 ngen-

383 4308 785 4363 Constantinus
814 4301 1080 4374 Porphyr.
1137 4302 1249 4356 Vol·
1286 4302 1331 4354 1.
1453 4365 1462 4376 .
2010 4304 2079 4356 36
