3050 4900
488 324 597 386 Lx
937 326 991 387 E
1035 321 1389 389 FABRICII
1437 320 1843 387 nmmum.
1891 319 2253 390 GRAECA.

492 476 655 538 enim
671 474 1003 559 Regiorum
1020 474 1337 537 MStorum
1368 444 1640 536 Iudicem
1684 495 1963 558 unquam
1986 476 2149 559 typis
2176 473 2495 559 vulgatum
2524 494 2675 555 esse,

488 580 593 621 me
621 558 791 621 latet.
876 558 1061 620 Illum
1099 579 1251 620 vero
1296 560 1500 640 ipsum
1540 578 1671 619 esse
1708 558 1997 619 Codicem
2015 603 2036 638 ‚
2094 561 2203 641 qui
2245 559 2540 621 Budensis
2592 560 2674 622 li·-

488 641 734 705 brariae
765 639 1153 726 supellectilis
1182 641 1531 703 uberrimae
1563 653 1748 725 atque
1784 643 2335 724 praestantissimae
2367 642 2679 726 quondam

231 738 479 799 1..xx1v
500 726 618 788 fiiit
641 770 661 804 ,
707 726 1020 809 Ungariae
1039 726 1275 808 Regum
1308 746 1478 785 arma
1499 769 1520 803 ‚
1554 735 1627 786 ut
1658 742 1864 807 supra„
1882 723 2005 784 dixi
2027 764 2048 807 ,
2086 724 2421 809 gentilitia,
2458 727 2681 809 quibua

489 830 562 871 ex
611 819 877 892 utroque
934 808 1124 869 latere
1180 807 1501 891 splendent
1521 852 1541 888 ‚
1601 829 1741 870 eom
1785 806 2030 869 robant.
2117 810 2193 869 In
2250 807 2470 871 ultima
2508 809 2680 870 urbis

494 892 705 955 Budae
759 892 1198 976 expugnatione
1253 889 1335 953 ali
1421 915 1458 954 a
1524 890 1725 953 Biblio
1796 913 1936 953 eoae
1995 891 2220 953 rudera
2284 904 2636 976 recuperata
2655 936 2677 974 ,

496 997 654 1060 quae
694 975 887 1037 Iulius
927 997 964 1036 a
1005 973 1225 1058 Pflugk
1243 976 1296 1055 ¹)
1335 914 1666 1059 ffescripsit
1685 1018 1706 1054 ,
1762 975 1870 1036 sed
1925 996 2097 1038 meus
2138 975 2344 1037 Codex
2383 998 2508 1038 non
2547 996 2681 1036 me·-

495 1070 816 1139 moratur3
866 1078 1055 1142 quare
1094 1058 1276 1142 longe
1322 1071 1464 1122 ante
1503 1060 1764 1120 evasisse
1805 1069 2073 1142 oportet.
2175 1060 2417 1139 Quibus
2474 1072 2682 1122 autem

496 1144 636 1205 fatis
676 1145 743 1203 in
789 1163 955 1205 meas
993 1142 1243 1204 tandem
1282 1164 1503 1204 manus
1539 1144 1854 1204 devenerit
1874 1185 1895 1220 ‚
1938 1142 2219 1225 equidem
2258 1145 2491 1226 ignoro.
2542 1144 2683 1205 Exi·

581 1248 620 1288 o
660 1248 800 1287 aere
840 1249 877 1288 a
917 1246 1016 1287 me
1054 1226 1362 1289 redemtus
1400 1227 1516 1288 fuit
1537 1271 1557 1305 ,
1613 1229 1680 1285 in
1737 1246 1960 1307 magno
2021 1237 2225 1287 autem
2281 1230 2478 1309 pretio
2528 1226 2685 1287 mihi

496 1248 759 1371 {nabetur
786 1354 805 1389 ‚
864 1309 1083 1392 dignus
1121 1312 1305 1371 etiam
1349 1313 1457 1394 qui
1501 1309 1701 1371 lucem
1739 1308 2047 1391 publicam
2072 1309 2294 1372 videat.
2377 1310 2562 1389 Quod
2603 1331 2687 1371 an

496 1415 635 1455 mea
676 1413 948 1476 unquam
990 1414 1177 1476 opera
1214 1394 1318 1455 fiet
1353 1395 1600 1473 nesci03
1643 1394 1916 1476 exiguam
1957 1395 2120 1454 enim
2163 1395 2230 1453 in
2278 1395 2525 1455 Graecis
2567 1414 2686 1454 no·-

495 1478 698 1538 titiam
759 1499 960 1538 meam
1014 1481 1274 1560 ingenue
1324 1498 1589 1560 agnosco
1611 1522 1632 1556 ‚
1689 1497 1889 1558 neque
1906 1519 1927 1555 ‚
1987 1480 2092 1559 qui
2150 1476 2336 1538 hodie
2375 1488 2686 1560 grassatur

498 1560 805 1621 scribendi
845 1564 1114 1643 pruritus
1132 1606 1152 1639 ,
1190 1581 1291 1622 me
1330 1571 1519 1640 tenet,
1562 1571 1633 1621 ut
1673 1562 1982 1643 scriptoris
2027 1559 2128 1622 vel
2172 1560 2422 1622 editoris
2460 1581 2687 1621 nomen

496 1643 671 1704 nullo
711 1644 977 1727 reipubl.
1001 1644 1334 1706 litterariae
1355 1644 1682 1706 commodo
1721 1656 1951 1706 temere
1975 1644 2129 1704 mihi
2158 1665 2443 1727 arrogare
2469 1643 2682 1706 velim.

497 1728 756 1788 Interim
804 1739 1013 1810 gratus
1065 1728 1219 1789 mihi
1272 1728 1448 1789 labor
1496 1738 1590 1789 est
1611 1770 1632 1808 ,
1692 1749 1878 1811 quem
1932 1749 2074 1788 cum
2126 1729 2256 1789 Dn.
2315 1727 2687 1788 Schneidero

500 1810 668 1872 dicto
713 1811 991 1879 Schmidt
1011 1857 1030 1890 ‚
1090 1815 1226 1873 viro
1285 1813 1658 1873 Graecarum
1680 1856 1700 1890 ‚
1768 1815 1895 1872 imo
1953 1813 2229 1872 omnium
2257 1856 2277 1890 ,
2343 1810 2688 1873 litterarum

499 1895 890 1977 peritissime,
922 1894 1134 1955 Codici
1175 1895 1488 1978 impendo.
1562 1895 1763 1955 Huius
1794 1894 2091 1956 industria
2121 1896 2283 1977 (nam
2311 1906 2471 1973 mea,
2501 1916 2688 1978 quam

500 1977 750 2038 consero
781 2021 800 2057 ‚
847 1976 1126 2060 symbola
1177 1982 1390 2061 exigua
1430 1976 1534 2040 vel
1573 1977 1743 2039 nulla
1768 1978 1832 2058 ‚)
1900 1981 2122 2060 prioris
2175 1990 2359 2062 atque
2399 1977 2688 2039 dimidiae

500 2062 687 2122 etiam
888 2063 901 2075 “
989 2061 1236 2122 secundi
1290 2063 1614 2123 Tractatus
1664 2063 1866 2123 versio
1925 2063 2049 2123 iam
2088 2059 2410 2123 delineata.
2493 2061 2688 2123 Rudis

502 2144 1690 2290 Zffiassmbffiaffnffffl⁰ffiss
1725 2144 2248 2310 ⁵³ef¹¹¹fi⁸ezul¹¹23¹¹¹
2287 2167 2473 2228 ΒΨ
2510 2167 2552 2207 ⁸
2586 2165 2690 2205 ¹³⁰

668 2310 725 2371 Ν
728 2332 810 2371 on
869 2310 1125 2372 dubium
1166 2273 1255 2373 get
1296 2314 1447 2395 quin
1486 2272 1728 2395 egregit}
1765 2250 2016 2395 prggsm
2050 2334 2304 2374 munere
2346 2333 2478 2373 rem
2519 2310 2686 2373 litte-

313 2420 323 2456 ι
503 2395 730 2480 rariam
770 2394 1037 2477 beaturi,
1083 2405 1145 2457 et
1181 2395 1471 2484 historiae
1492 2397 1861 2479 Byzantinae
1898 2418 2126 2459 novam
2166 2409 2348 2480 atque
2389 2398 2687 2479 insignem

504 2476 706 2539 lucem
744 2477 986 2539 allaturi
1026 2482 1147 2540 sint
1185 2483 1305 2543 viri
1348 2483 1846 2563 praestantissimi
1880 2526 1900 2560 ‚
1946 2485 1998 2543 si
2036 2480 2306 2563 locuples
2344 2481 2462 2541 hoc
2505 2492 2690 2561 atque

504 2563 910 2643 imperatoriis
949 2566 1233 2646 auspiciis
1274 2563 1700 2625 elucubratum
1770 2585 1925 2647 opus
1964 2565 2169 2626 studio
2209 2586 2280 2625 ac
2321 2563 2531 2624 labore
2574 2583 2690 2624 suo

505 2647 867 2709 recensitum
904 2658 1088 2731 atque
1128 2646 1494 2733 explicatum
1534 2652 1990 2732 quamprimum
2028 2647 2493 2732 publicaverint.

558 2826 637 2919 ἰ)
686 2847 753 2899 In
794 2849 1045 2919 Epistola
1085 2850 1156 2906 ad
1215 2849 1699 2915 Seckeudorflum,
1734 2867 1876 2923 quae
1917 2859 2068 2906 extat
2110 2850 2176 2903 Τ.
2218 2849 2290 2910 Π.
2327 2846 2688 2903 collectionis

645 2916 2066 3065 mmmmm
2322 2918 2379 2993 2>
2413 2919 2689 2975 m...
