3050 4900
623 336 738 397 XX
1388 331 1502 396 10.
1561 330 1724 397 IAC.
1783 328 2082 396 Rmsxn

621 500 816 549 suum
864 486 1333 550 Constantinum
1378 482 1562 569 legati
1613 483 1703 547 illi
1747 485 2048 568 Hispani,
2090 505 2353 568 quorum
2404 484 2595 548 altem
2643 464 2810 549 libi-0

619 590 849 650 mentio
891 587 978 651 fit.
1060 586 1155 650 Ea
1193 607 1438 670 quoque
1474 583 1776 668 particula
1818 588 1971 646 scita
2023 596 2116 645 est
2132 630 2152 665 ‚
2212 607 2369 669 quae
2422 609 2547 670 quo
2610 592 2810 649 comi-

608 698 753 750 -tatu
793 688 1049 750 celebris
1090 685 1198 748 illa
1256 687 1596 747 Russorum
1640 683 2042 747 Archontissa
2084 706 2193 746 seu
2247 685 2506 747 Ducissa
2524 729 2545 765 ‚
2599 686 2758 770 Elga
2785 731 2808 766 ‚

618 788 720 850 vel
764 787 926 871 Olga
946 832 965 864 ‚
1011 797 1083 848 ut
1126 785 1230 848 alii
1276 785 1585 869 appellant
1607 829 1627 864 ,
1672 783 1869 847 CPlin
1911 786 2189 864 venerit,
2233 796 2479 847 enarrat
2498 828 2517 864 ,
2560 796 2622 847 et
2655 789 2811 870 ,qui-

344 889 508 943 EM..
524 889 601 945 VI
615 888 732 949 bus
779 887 1117 949 honoribus
1155 886 1451 969 donisque
1491 906 1628 946 eam
1664 896 1727 946 et
1767 888 2125 947 comitatum
2165 884 2429 968 Augusti
2467 888 2661 948 nostri
2709 885 2809 947 af-

614 990 872 1051 fecerint
899 1032 919 1067 ,
987 1009 1112 1070 quo
1178 989 1243 1047 in
1292 984 1569 1049 conclavi
1643 985 2078 1047 Constantinus
2119 995 2181 1046 et
2225 986 2539 1048 Romanus
2586 985 2745 1047 filius
2781 1030 2805 1064 ‚

614 1109 743 1172 quo
790 1110 1000 1149 rursus
1044 1087 1277 1149 Helena
1338 1086 1619 1169 Augusta
1661 1096 1723 1147 et
1785 1088 1915 1151 eius
1979 1108 2173 1148 nurus
2219 1108 2357 1148 eam
2414 1090 2755 1171 exceperint
2782 1133 2804 1166 ‚

616 1200 680 1249 et
722 1188 803 1251 ad
864 1187 1237 1271 colloquium
1259 1232 1278 1268 ,
1323 1180 1428 1248 aut
1481 1198 1543 1248 et
1587 1185 1667 1246 ad
1726 1185 1936 1269 epulas
1957 1233 1976 1266 ,
2020 1198 2081 1248 et
2123 1186 2348 1270 quibus
2388 1188 2603 1249 diebus
2619 1235 2637 1265 ‚
2690 1188 2808 1250 ad-

612 1291 913 1369 miserint,
960 1288 1205 1372 quando
1244 1306 1449 1348 coram
1477 1286 1773 1369 Augustis
1795 1297 1986 1366 stare,
2028 1287 2275 1370 quaudo
2316 1276 2632 1350 considere
2675 1292 2807 1351 ius—

613 1391 826 1450 serint.
939 1386 1109 1467 Quid
1146 1388 1412 1470 denique
1452 1386 1703 1448 afferam
1744 1386 1915 1448 urbis
1967 1386 2671 1471 Constantinopolitanae
2713 1391 2804 1449 si-

609 1499 746 1568 tum
807 1499 869 1549 et
914 1488 1127 1549 faeiem
1152 1532 1172 1567 ,
1232 1488 1333 1550 vel
1387 1497 1459 1547 ut
1510 1486 1819 1570 appellant
1849 1532 1868 1566 ‚
1931 1488 2398 1571 topographiam
2417 1533 2436 1566 ‚
2488 1489 2686 1572 qualis
2727 1511 2808 1550 ea

611 1596 810 1649 aetate
856 1597 988 1648 erat
1015 1632 1035 1665 ‚
1054 1589 1145 1648 ‘in
1195 1586 1403 1648 multis
1453 1590 1678 1648 rectius
1722 1609 1794 1648 ex
1836 1586 1953 1649 hoc
2000 1587 2158 1649 libro
2202 1590 2470 1672 percipi,
2529 1610 2716 1671 quam
2765 1611 2807 1650 e

608 1686 925 1748 Ducmcn
970 1686 1124 1747 CPli
1178 1687 1561 1763 Christiana,
1606 1686 1921 1771 praeclaro
1973 1686 2125 1749 'alias
2167 1696 2230 1748 et
2279 1687 2600 1749 utilissimo
2637 1686 2805 1749 libro

607 1789 732 1848 viri
776 1786 1105 1849 doctissimi
1154 1798 1216 1848 et
1272 1790 1337 1847 in
1393 1786 1647 1848 historia
1691 1787 1875 1847 medii
1935 1790 2116 1866 aevi,
2169 1787 2508 1869 Byzantina
2563 1789 2802 1868 praeci-

604 1907 729 1970 pue
756 1929 776 1964 ,
824 1887 1339 1966 exercitatissimi;
1384 1896 1447 1946 at
1487 1885 1576 1946 illi
1615 1898 1820 1947 tamen
1866 1885 2026 1947 libro
2068 1887 2366 1948 nonnulla
2391 1932 2410 1964 ‚
2491 1908 2650 1970 quae
2685 1888 2803 1947 aba·

607 2006 737 2046 esse
792 1983 969 2045 malis
1002 2028 1022 2064 ‚
1078 1984 1484 2045 adhaeserunt
1504 2029 1523 2063 ‚
1590 2005 1854 2067 quorum
1893 1985 1972 2047 de
2014 1997 2215 2047 cetero
2267 1989 2513 2048 veniam
2568 2006 2802 2068 aequus

592 2085 864 2168 ,quisque
905 2087 1044 2147 viro
1090 2084 1168 2145 de
1208 2083 1304 2146 his
1348 2083 1566 2145 litteris
1613 2087 1999 2145 meritissimo
2038 2084 2213 2147 facile
2253 2085 2451 2147 faciat.
2511 2087 2608 2147 Eo
2653 2108 2805 2170 per-

603 2189 759 2248 tinet
779 2232 798 2265 ‚
840 2197 912 2248 ut
948 2184 1013 2247 id
1047 2185 1254 2245 'obiter
1304 2187 1598 2267 attingam
1622 2230 1641 2264 ‚
1703 2183 1874 2267 quod.
1928 2184 2225 2268 palatium
2274 2187 2648 2269 Magnaurae
2662 2234 2682 2265 ‚
2728 2189 2803 2248 in

602 2307 727 2370 quo
781 2288 963 2370 legati
1004 2286 1196 2368 excipi
1252 2295 1313 2347 et
1364 2284 1564 2345 audiri
1608 2282 1886 2346 solebant
1904 2328 1924 2364 ‚
1988 2288 2057 2345 in
2098 2297 2364 2347 extrema
2409 2285 2581 2347 urbis
2624 2298 2803 2369 parte

603 2386 976 2450 occidentale
1015 2387 1285 2470 posuerit
1299 2429 1319 2465 ,
1361 2406 1555 2468 quum
1595 2387 1800 2468 magni
1849 2383 2058 2468 palatii
2113 2386 2192 2447 ad
2231 2386 2484 2447 Stenum
2526 2390 2624 2448 siti
2645 2432 2664 2466 ,
2727 2390 2802 2448 in

600 2511 727 2573 quo
767 2488 1073 2550 ordinarie
1119 2488 1522 2570 Imperatores
1564 2485 1947 2564 habitabant,
1977 2508 2123 2568 pars
2162 2498 2334 2548 esset.
2417 2489 2492 2548 In
2526 2509 2600 2549 eo
2638 2509 2802 2570 quo-

600 2611 723 2674 que
762 2592 919 2651 ratio
956 2589 1333 2650 anumuu
1382 2586 1540 2669 fugit
1558 2630 1578 2665 ‚
1626 2587 1794 2670 quod
1834 2585 2136 2654 celebrem
2181 2587 2352 2648 illam
2394 2586 2664 2649 Auream
2707 2589 2800 2647 sic

580 2690 829 2751 ‘dictam
880 2700 1122 2770 portam
1178 2690 1242 2748 in
1300 2687 1517 2748 mediis
1584 2686 1906 2748 moenibus
1964 2686 2107 2747 urbi
2165 2707 2236 2748 ex
2289 2698 2463 2769 parte
2521 2690 2797 2748 terrestri

598 2788 700 2851 vel
743 2787 1101 2850 occidentali
1140 2790 1473 2870 praetentis
1533 2785 1807 2849 collocat.
1888 2785 1986 2847 Ea
2034 2807 2183 2849 vero
2238 2786 2316 2848 ad
2383 2790 2584 2848 sinum
2629 2786 2796 2847 Pro-

598 2888 869 2972 pontidis
925 2891 1010 2949 sic
1069 2899 1199 2949 erat
1254 2889 1453 2970 posita
1484 2932 1504 2967 ,
1562 2897 1635 2947 ut
1684 2886 1946 2948 navibus
1986 2885 2068 2947 ad
2123 2908 2257 2947 eam
2299 2887 2521 2970 appelli
2569 2897 2797 2970 posset.

597 2987 743 3049 Alia
790 2999 1131 3071 praetere0‚
1157 3009 1314 3071 quae
1355 2989 1614 3070 gratiam
1657 2998 1718 3048 et
1754 2988 2030 3048 favorem
2068 2985 2214 3048 huie
2254 2990 2426 3070 operi
2467 2986 2798 3048 conciliare

597 3100 852 3174 queant,
901 3090 1097 3172 quum
1136 3090 1280 3150 satis
1321 3100 1382 3149 et
1422 3086 1666 3148 abunde
1706 3088 1858 3148 mihi
1901 3088 1979 3147 de
2015 3085 2136 3148 boc
2176 3098 2533 3170 argumento
2573 3086 2801 3147 dixisse

595 3188 809 3250 videar
833 3234 851 3267 ,
894 3200 956 3250 et
995 3209 1153 3271 quae
1187 3198 1499 3270 praeterea
1537 3187 1682 3246 huic
1725 3187 1897 3269 operi
1934 3188 2144 3248 insunt
2197 3188 2352 3247 scitu
2397 3184 2579 3269 digna
2600 3228 2620 3263 ‚
2679 3205 2800 3245 ne-

597 3298 825 3370 queant
847 3329 867 3363 ,
929 3288 1037 3348 ubi
1080 3290 1384 3370 integrum
1425 3287 1724 3369 prodierit
1751 3332 1769 3365 ,
1816 3286 2196 3348 eruditorum
2233 3285 2441 3348 oculos
2481 3285 2710 3349 fallere.

766 3384 821 3468 §.
869 3387 933 3448 3.
1017 3386 1118 3447 De
1167 3387 1586 3468 inscriptione
1647 3388 1833 3446 leuius
1881 3387 2052 3449 libri.
2158 3386 2436 3448 Titulum
2463 3432 2482 3465 ,
2542 3384 2624 3447 de
2685 3405 2797 3447 ce-

599 3486 891 3550 rimoni'is
937 3487 1134 3549 aulae
1184 3488 1596 3566 Byzantinus
1613 3531 1640 3559 ,
1686 3487 1961 3569 praefixit
2004 3485 2148 3549 huic
2198 3490 2369 3571 operi
2426 3485 2579 3547 clar.
2644 3487 2791 3547 Lm-

598 3608 798 3667 cams,
841 3586 920 3647 ad
960 3584 1299 3669 exemplum
1337 3588 1497 3647 Man
1538 3597 1599 3648 et
1638 3587 1940 3649 FAmucu.
2051 3587 2232 3650 Alius
2268 3590 2640 3670 conspicitur
2689 3588 2791 3646 in-

597 3686 853 3749 volucro
899 3689 1171 3748 coriaceo
1212 3687 1712 3748 membranarum
1750 3700 2100 3749 nostrarum
2139 3691 2508 3771 impressus3
2568 3706 2792 3767 nempe

597 3786 682 3850 de
735 3789 1057 3869 regalibus
1108 3789 1644 3850 institutionibus.
1732 3787 1972 3850 Auctor
2016 3788 2145 3850 eius
2187 3787 2290 3849 ille
2330 3798 2451 3865 est,
2511 3786 2788 3868 quisquis

596 3890 650 3949 is
689 3887 873 3949 fuerit
894 3932 912 3966 ‚
955 3890 1061 3971 qui
1103 3888 1488 3949 membranas
1532 3909 1602 3948 ea
1642 3899 1814 3949 veste
1853 3888 2086 3948 amiciri
2128 3889 2302 3949 iussit
2322 3931 2342 3966 ,
2405 3888 2472 3947 in
2512 3903 2634 3968 qua
2673 3885 2786 3947 ad-

594 3985 718 4047 huc
759 3987 1002 4051 cubant,
1116 3987 1452 4049 Coniicitur
1491 3987 1544 4048 is
1597 3986 1782 4049 fuisse
1835 3987 2164 4048 Marraus
2224 3986 2533 4047 Coavnms
2565 4029 2585 4064 ,
2641 3983 2785 4045 illu-

595 4087 924 4149 strissimus
979 4087 1105 4148 Rex
1166 4087 1517 4170 Hungariae
1549 4132 1568 4166 ‚
1626 4088 1731 4170 qui
1785 4087 2170 4148 membranas
2223 4096 2461 4148 nostras
2518 4083 2665 4146 olim
2717 4085 2786 4144 in

593 4182 832 4249 celebre
870 4185 978 4248 illa
1016 4208 1128 4249 sua
1157 4186 1436 4249 Budense
1480 4185 1852 4250 bibliotheca
1879 4186 2018 4249 ideo
2050 4186 2243 4250 fertur
2280 4184 2584 4263 habuisse,
2613 4180 2783 4273 quod
