3050 4900
582 319 744 435 176
999 336 1535 409 consuti-rm
1593 327 2314 398 PORPHYROGENm

570 501 884 590 τραπέζης
918 500 987 565 ἓν
1009 498 1097 584 τῷ
1124 490 1546 577 'ravanam‘
1585 483 1872 573 τρικλίνῳ
1915 476 2034 547 ἀπὸ
2065 470 2563 565 σκαραμαγγίοο,
2602 472 2727 541 ὥσ-

572 600 780 675 αύτως
836 599 943 662 καί
997 594 1057 659 οἱ
1096 593 1463 677 κληθέντες·
1522 580 1646 649 ἀπὸ
1687 580 1807 668 γὰρ
1849 582 1957 665 τῆς
1995 580 2171 665 λιτῆς
2211 574 2439 652 πάντες
2491 571 2729 639 ἀλλάσ-

569 722 771 766 σουσι.
874 699 1002 783 (Ε.)
1062 688 1207 777 Χρὴ
1255 690 1325 754 δὲ
1369 687 1634 765 εἰδέναι,
1681 676 1815 762 ὅτι,
1862 683 1925 744 εἰ
1955 682 2072 761 μὲν
2113 673 2276 763 τύχῃ
2315 677 2383 740 έν
2421 670 2609 759 ταύτῃ
2649 681 2727 759 τῇ

574 794 762 884 ἑορτῇ
801 793 833 859 ὃ
875 786 1318 876 εὖαγγελισμός
1359 786 1467 869 τῆς
1506 781 1848 868 ὖπεραγιάς
1891 776 2238 856 Θεοτόκου,
2297 780 2564 838 τελεῖται
2619 763 2731 833 οὗ·

280 912 377 967 Ed.
395 911 716 983 1,.ιο4τως.
800 890 1105 960 λιτανεύει
1163 888 1198 952 ὅ
1256 880 1580 970 βασιλεύς,
1642 879 1730 958 ὥς
1788 879 2082 963 ἀνωτέρω
2136 873 2422 961 εἴρηται,
2474 871 2767 939 ἐκτελῶνό

576 993 817 1063 ἅπαντα
876 992 1243 1063 ἀκολούθως
1296 988 1367 1051 ἐν
1416 988 1545 1057 τοῖς
1603 976 1947 1063 εύκτηρίοις
2000 977 2112 1061 τῆς
2150 976 2428 1061 δάφνης,
2481 972 2737 1044 τελέσας

578 1098 651 1162 δὲ
704 1090 989 1172 ἅπαντα,
1051 1089 1139 1163 ὥς
1199 1082 1477 1150 εἴθισται
1537 1079 1704 1166 αύτῷ
1743 1079 1822 1166 τῇ
1860 1079 1986 1142 ταῖν
2024 1076 2225 1158 βαΐων
2265 1072 2471 1159 ἡμέρᾳ
2516 1076 2738 1135 τελεῖν.

578 1191 639 1262 οἶ
688 1197 807 1277 μὲν
847 1189 1031 1276 ἱερεῖς
1069 1184 1231 1271 μετὰ
1272 1182 1340 1251 τὰ
1397 1181 1720 1247 ἐκτελέσαι
1762 1173 1966 1242 πάντα
2021 1173 2387 1247 ἀκολούθως
2426 1172 2495 1236 ἐν
2534 1172 2623 1258 τῷ
2663 1168 2739 1232 οῗ·-

577 1292 692 1382 γίῳ
748 1286 1049 1378 Στεφάνῳ
1104 1286 1489 1370 ἀπέρχονται
1543 1273 1728 1343 αὐτοὶ
1777 1273 1971 1359 μόνον
2011 1272 2080 1339 ἐν
2117 1274 2202 1361 τῷ
2239 1273 2519 1358 παλατίῳ
2564 1276 2742 1334 λιτα-

578 1392 900 1469 νεύοντες,
945 1386 978 1452 ὃ
1025 1389 1095 1451 δὲ
1133 1379 1435 1468 βασιλεύς
1473 1381 1827 1462 εἰσέρχεται
1866 1378 1933 1439 ἐν
1973 1380 2060 1462 τῷ
2101 1374 2345 1437 κοιτῶνι
2387 1369 2601 1449 αύτοῦ,
2639 1369 2823 1432 ‹ix-10

581 1486 921 1574 δεχόμενος
960 1481 1075 1550 τὸν
1117 1478 1358 1568 καιρόν.
1439 1477 1898 1558 καταλαβόντος
1940 1475 2012 1537 δὲ
2049 1473 2158 1537 τοῦ
2198 1469 2456 1554 καιροῦ,
2512 1464 2742 1551 μηνύει

586 1588 629 1654 o‘
674 1592 788 1673 τῆς
826 1580 1267 1655 καταστάσεως
1316 1580 1401 1666 τῷ
1440 1577 1828 1662 πραιποσίτῳ
1854 1623 1874 1654 ,
1935 1571 1970 1637 ὅ
2014 1574 2085 1637 δὲ
2126 1562 2529 1656 πραιπόσιτος
2569 1568 2754 1650 δηλοῖ

577 1690 665 1778 τῷ
703 1689 980 1770 βασιλεῖ,
1036 1684 1151 1747 καί
1209 1674 1479 1756 ἐξελθὼν
1536 1673 1571 1739 ὃ
1606 1672 1907 1756 βασιλεὺς
1946 1674 2015 1737 ἐν
2048 1673 2136 1759 τῷ
2179 1664 2526 1755 ὄκταγιόνῳ,
2567 1687 2746 1750 περι-

592 1786 895 1871 βάλλεται
933 1780 1048 1866 τὴν
1082 1778 1357 1864 χλανίδα
1399 1774 1598 1841 αὑτοῦ
1643 1770 1749 1836 διὰ
1789 1775 1915 1836 τῶν
1953 1767 2382 1854 βεστητόρων,
2422 1762 2637 1840 καθώς
2659 1761 2747 1827 εἴ-

583 1891 839 1964 θισται,
877 1879 987 1945 καί
1020 1875 1492 1964 δηριγευόμενος
1531 1868 1653 1937 ὗπὸ
1697 1874 1825 1936 τῶν
1879 1872 1992 1935 τοῦ
2033 1864 2473 1951 κουβουκλείου
2515 1858 2831 1951 ἀρχόν-15

527 2002 747 2064 Βτων,
789 1983 1108 2063 ἐξέρχεται
1152 1974 1258 2039 διὰ
1300 1975 1415 2038 τοῦ
1457 1972 1885 2055 αύγουστέως,
1928 1967 2038 2033 καί
2073 1964 2346 2031 διελθών
2384 1961 2457 2029 τὸ
2494 1961 2746 2043 στενὸν,

581 2075 777 2167 ἤγουν
833 2077 947 2163 τὴν
998 2077 1247 2161 χρυσῆν
1301 2080 1533 2157 χεῖρα,
1594 2069 1930 2155 ἀνέρχεται
1993 2068 2082 2141 εἷς
2121 2062 2233 2130 τὸν
2276 2058 2579 2143 ὄνόποὸα,
2641 2062 2751 2127 καὶ

583 2176 734 2255 στὰς
775 2178 844 2243 ἐν
881 2178 958 2263 τῇ
995 2176 1199 2261 χαλκῇ
1241 2169 1404 2258 πύλῃ
1444 2171 1558 2235 τοῦ
1600 2162 1930 2248 ὄνόποδος,
1976 2167 2270 2247 δέχονται
2312 2157 2503 2227 αὐτὸν
2543 2162 2749 2225 ἐκεῖσε

586 2275 648 2343 οἳ
697 2272 1014 2360 πατρίκιοι
1055 2275 1163 2338 καί
1215 2267 1587 2357 στρατηγοί·
1650 2265 1964 2331 πεσόντων
2022 2267 2094 2329 δὲ
2134 2263 2243 2327 καί
2283 2257 2750 2346 προσκυνησάν-

585 2400 737 2458 των,
777 2370 949 2439 νεύει
993 2369 1028 2435 ὅ
1069 2370 1481 2456 πραιπόσιτος
1519 2367 1606 2454 τῷ
1645 2368 1753 2450 τῆς
1781 2362 2212 2437 καταστάσεως
2237 2355 2358 2424 ἀπὸ
2388 2357 2831 2439 κελεύσεως,αο

592 2474 876 2548 κάκεῖνος
926 2471 1091 2555 λέγει
1150 2467 1586 2551 „masiacum”
1713 2459 1835 2529 ἀπὸ
1895 2466 1968 2527 δὲ
2022 2465 2150 2527 τῶν
2204 2462 2334 2526 ἐκεῖ
2395 2460 2748 2544 διέρχεται,

591 2576 786 2639 τελῶν
825 2567 993 2636 ἅπαν
1034 2566 1427 2647 ἀκολούθως,
1470 2561 1545 2630 ὃν
1585 2560 1816 2651 τρόπον
1856 2562 2153 2647 ἀνωτέρω
2194 2564 2262 2625 ἐν
2288 2561 2365 2646 τῇ
2388 2555 2754 2643 προελεύσει

330 2678 707 2756 usmaro&
745 2671 1196 2755 εύαγγελισμοῦ
1232 2668 1340 2731 ἐπὶ
1370 2667 1573 2754 λεπτῷ
1614 2665 1985 2745 ἑξεθέμεθα.
2067 2662 2300 2741 ἰστέον,
2332 2654 2433 2723 ὅτι
2469 2659 2548 2745 τῇ
2590 2654 2753 2742 αὐτῇ

588 2770 796 2862 ἡμέρᾳ
848 2771 974 2835 τῶν
1032 2770 1232 2849 βαΐων
1288 2767 1398 2830 καί
1446 2764 1486 2849 ἦ
1531 2758 1855 2846 αύγούστα
1898 2763 2151 2844 δέχεται
2189 2756 2269 2824 τοὶ
2311 2760 2480 2845 βῆλα
2520 2755 2756 2841 ὁμοίως

742 2958 820 3010 ¹9·
852 2939 916 2994 οἱ
943 2955 1048 2997 om.
1080 2937 1163 2989 ed.

602 3095 718 3161 dit,
756 3110 818 3146 ac
850 3087 1189 3145 venerandae
1224 3107 1443 3143 mensae
1481 3106 1608 3142 suae
1645 3091 1704 3141 in
1740 3087 2034 3141 Iustiniani
2070 3087 2312 3140 triclinio
2359 3085 2415 3136 in
2456 3096 2760 3134 scaraman-

586 3170 722 3244 ‚8³⁰2
774 3182 884 3235 quo
933 3163 1097 3215 etiam
1157 3164 1416 3213 convivae
1452 3159 1636 3211 induti
1686 3167 1848 3221 sunt,
1900 3157 2134 3211 assidet:
2185 3164 2312 3208 ante
2363 3153 2762 3225 processionem

602 3238 749 3290 enim
796 3250 983 3286 omnes
1029 3232 1346 3284 mutatorias
1405 3238 1642 3283 sumunt.
1716 3229 1835 3292 (V.)
1908 3228 2200 3280 Sciendum
2250 3232 2365 3289 est,
2415 3226 2462 3276 si
2521 3223 2581 3273 in
2633 3236 2764 3271 eum

602 3307 749 3358 diem
786 3303 1129 3355 annuntiatio
1167 3302 1534 3354 sanctissimae
1575 3301 1812 3370 Virginis
1855 3299 2149 3360 inciderit,
2205 3312 2321 3349 eam
2360 3297 2437 3345 ita
2483 3290 2760 3344 celebrari.

603 3379 945 3445 Imperator,
981 3374 1124 3423 sicut
1156 3388 1316 3442 supra
1351 3370 1770 3424 demonstratum
1810 3378 1909 3430 est,
1949 3367 2223 3440 procedit,
2260 3365 2438 3418 omnia
2474 3360 2666 3414 ordine
2703 3362 2767 3412 in

607 3447 861 3499 oratoriis
901 3441 1145 3512 daphnes
1183 3458 1471 3512 peragens,
1509 3439 1807 3493 observatis
1843 3441 1912 3512 iis
1947 3440 2141 3491 ritibus
2163 3476 2177 3500 ,
2232 3453 2366 3508 quos
2404 3434 2544 3485 solet
2579 3431 2636 3481 in
2673 3429 2765 3483 die

605 3516 905 3587 palmarum
932 3512 1235 3568 observare.
1272 3511 1587 3564 Sacerdotes
1619 3519 1852 3574 tantum,
1873 3511 2032 3562 sacris
2070 3510 2128 3560 in
2156 3507 2206 3559 S.
2227 3505 2490 3577 Stephani
2526 3499 2767 3553 celebra-

605 3587 699 3649 tis,
723 3587 781 3636 in
802 3583 1145 3654 processione
1167 3580 1235 3632 ad
1256 3584 1520 3652 palatium
1541 3581 1779 3648 abeunt3
1814 3584 2106 3651 Imperator
2127 3585 2306 3629 autem
2334 3573 2401 3626 ad
2428 3590 2585 3626 suum
2609 3571 2767 3623 cubi-

610 3656 810 3717 culum,
838 3662 1046 3721 tempus
1068 3661 1487 3723 exspectaturus,
1507 3670 1565 3704 se
1585 3653 1810 3704 confert.
1851 3651 1974 3721 Quo
2007 3649 2499 3719 appropinquante,
2536 3643 2767 3694 cerimo-

609 3726 815 3779 niarius
833 3725 1214 3794 praepositum,
1227 3722 1316 3774 hic
1336 3725 1720 3795 Imperatorem
1737 3721 2008 3783 admonet,
2028 3720 2123 3791 qui
2143 3727 2463 3788 octagonum
2483 3716 2769 3783 ingressus,

610 3798 799 3849 tunica
834 3812 929 3845 sua
964 3810 1062 3863 per
1088 3796 1391 3858 vestitores,
1431 3803 1491 3846 ut
1522 3810 1637 3845 mos
1676 3801 1774 3855 cst,
1806 3790 2070 3853 induitur,
2101 3797 2158 3842 et
2184 3786 2476 3859 praesectis
2513 3782 2768 3836 cubiculo

611 3867 795 3938 ipsum
832 3865 1235 3927 comitantibus,
1262 3861 1369 3933 pcr'
1398 3882 1462 3914 au
1502 3863 1674 3915 ustale
1709 3863 1918 3924 transit,
1937 3877 2142 3931 perque
2179 3868 2394 3912 stenum
2419 3873 2516 3908 seu
2552 3870 2770 3905 auream

612 3953 832 3988 manum
866 3933 1148 4004 digressus,
1169 3934 1235 3986 ad
1271 3952 1448 4004 onopo
1491 3952 1573 3985 em
1609 3931 1867 3994 ascendit,
1900 3933 1961 3984 in
1990 3932 2142 3983 cuius
2180 3947 2346 3983 aenea
2380 3934 2535 3997 porta
2567 3924 2772 3977 consti-

614 4013 794 4059 tutum
823 4004 1038 4074 patricii
1065 4015 1121 4057 et
1149 4006 1367 4071 strategi
1402 4006 1694 4074 excipiunt.
1752 4003 1892 4054 Dum
1926 4010 2106 4053 autem
2134 3999 2425 4070 procidunt
2444 4004 2500 4049 et
2531 3995 2772 4053 adorant,

613 4077 956 4147 praepositus
1011 4076 1386 4130 cerimoniario
1434 4091 1465 4125 a
1507 4073 1763 4128 mandato
1813 4073 2024 4142 signum
2061 4070 2185 4134 dat,
2240 4072 2283 4122 is
2334 4067 2501 4122 dicit:
2573 4064 2771 4118 Iubere.

613 4147 751 4201 Inde
790 4145 1043 4208 omnibus
1078 4148 1184 4198 rite
1219 4146 1451 4214 peractis
1473 4183 1487 4207 ,
1544 4161 1683 4216 quae
1720 4160 1882 4212 supra
1917 4144 1975 4195 in
2015 4143 2358 4213 processione
2398 4133 2775 4190 annuntiatio-

614 4219 704 4271 nis
736 4216 974 4274 breviter
1010 4216 1401 4289 explicuimus,
1437 4213 1687 4270 discedit.
1760 4212 2086 4285 sciendum,
2122 4213 2263 4270 festo
2330 4207 2625 4282 palmarum
2684 4200 2776 4257 die
