3050 4900
600 720 607 727 ι

262 846 511 901 1,.ΧΧΠῙ
660 841 718 904 Ε
787 839 1262 905 FABRICII
1334 835 2060 904 BIBLIOTHECA
2130 835 2585 901 GRAECA.

516 1284 831 1322 netum!
878 1284 912 1319 B
956 1282 1186 1321 ttamen
1230 1281 1580 1322 nlnmomtea
1609 1279 1812 1319 cunct
1835 1282 1904 1318 -Τ,
1932 1280 2007 1318 Vl·
2030 1265 2215 1319 infiat.
2250 1279 2366 1326 SQQ·
2408 1279 2475 1315 D}
2516 1279 2710 1317 0001OE

607 1370 972 1409 „sucurre
1006 1371 1457 1409 constantinum
1489 1369 1899 1417 cnunommo,
1934 1366 2179 1405 averunt
2212 1367 2369 1404 001⁸·
2406 1366 2627 1407 taem.

1079 1458 1451 1497 umnnacmo
1470 1480 1490 1508 2
1537 1459 1652 1497 008
1692 1457 1846 1495 torn
1868 1455 2125 1493 FABRICU·

516 1589 767 1695 Codex
824 1626 1021 1689 forma
1075 1637 1167 1689 est
1205 1628 1425 1689 maiori
1444 1671 1464 1705 ,
1529 1647 1718 1710 quam
1758 1627 1824 1686 in
1867 1622 2048 1686 Folio
2088 1644 2312 1686 vocare
2354 1623 2554 1687 solent
2580 1675 2599 1708 ,
2643 1633 2707 1691 in

506 1713 891 1774 membranas
932 1732 1324 1795 pergamenas
1364 1732 1586 1793 easque
1625 1710 1921 1771 {iuniores
1943 1755 1961 1785 ‚
2023 1707 2320 1769 laeviores
2379 1720 2563 1791 atque
2604 1719 2708 1773 ni·-

504 1797 756 1857 tidiores
778 1840 796 1875 ,
840 1817 1025 1877 quam
1065 1796 1288 1876 quibus
1329 1797 1650 1876 postremis
1674 1838 1693 1872 ,
1737 1803 1880 1854 ante
1921 1791 2397 1875 Typographiae
2438 1795 2705 1857 inventi-

504 1901 687 1940 onem
714 1923 734 1956 ,
791 1879 1169 1961 temporibus
1206 1877 1538 1939 utebantur
1567 1921 1586 1956 ‚
1646 1887 1949 1938 exaratus.
1983 1886 1988 1891 ‘
2037 1876 2412 1958 Quanquam
2455 1877 2532 1938 de
2574 1883 2708 1941 eius

503 1973 702 2024 aetate
741 1973 909 2021 certo
950 1961 1201 2022 definire
1240 1982 1367 2022 non
1406 1963 1604 2021 ausim
1626 2003 1647 2039 ,
1689 1960 1866 2021 illum
1889 1969 2096 2020 tamen
2124 1958 2306 2042 louge
2338 1971 2481 2021 ante
2509 1962 2707 2025 Urbis

502 2047 1008 2128 expugnationem
1048 2047 1113 2105 in
1157 2046 1292 2126 ipsa
1334 2045 1592 2106 Graecia
1633 2045 1929 2125 scriptum
1971 2062 2102 2104 esse
2120 2086 2141 2123 ‚
2186 2043 2483 2111 existimo,
2533 2044 2705 2107 Sum·

501 2150 604 2189 ma
646 2131 809 2190 enim
837 2149 984 2188 cura
1014 2139 1199 2210 atque
1240 2127 1595 2188 dexteritate
1634 2127 1945 2188 confectus
1966 2171 1987 2205 ‚
2028 2136 2100 2187 ut
2139 2125 2481 2209 sphalmata
2498 2172 2518 2206 ,
2560 2133 2704 2212 qui-

499 2211 616 2273 bus
641 2213 1009 2274 recentiores
1039 2233 1110 2272 ex
1139 2210 1480 2272 scribarum
1508 2212 1848 2295 ignorantia
1871 2221 2055 2292 atque
2094 2212 2412 2272 oscitantia
2441 2224 2700 2293 scatent,

497 2295 600 2357 vel
638 2294 812 2357 nulla
851 2294 952 2357 vel
1002 2296 1214 2379 exigua
1268 2296 1577 2357 rarissime
1627 2302 1968 2356 occurrant.
2051 2293 2138 2355 Et
2204 2292 2347 2355 licet
2401 2294 2699 2379 elegantia

496 2381 832 2463 scripturae
869 2386 1043 2441 tanta
1084 2382 1374 2463 appareat
1401 2423 1420 2457 ,
1451 2400 1523 2440 ac
1558 2381 1608 2441 si
1651 2380 1957 2462 integrum
1999 2376 2291 2439 volumen
2331 2398 2459 2439 non
2498 2380 2697 2442 solum

496 2464 710 2526 cadem
764 2484 952 2524 manu
978 2509 997 2542 ‚
1056 2463 1164 2525 scd
1217 2462 1432 2525 eodem
1489 2461 1727 2524 calamo
1783 2462 2117 2545 eademque
2174 2462 2276 2524 die
2326 2462 2698 2548 descriptum

502 2559 697 2628 esset3
754 2549 1125 2609 Litterarum
1179 2556 1387 2608 tamen
1450 2547 1765 2609 character
1826 2548 2135 2629 antiquior
2179 2558 2272 2607 est
2311 2557 2374 2608 et
2410 2569 2450 2608 a
2487 2560 2699 2612 nostro

499 2630 765 2693 multum
805 2630 1009 2693 differt
1030 2676 1049 2709 ,
1123 2643 1308 2714 atque
1346 2631 1485 2692 ideo
1527 2630 1849 2692 lectionem
1890 2631 2067 2690 initio
2110 2627 2512 2692 difficiliorem
2552 2633 2694 2694 red-

500 2712 624 2795 dit,
664 2736 822 2798 quae
850 2713 1172 2777 difficultas
1213 2725 1471 2797 augetur
1507 2735 1619 2797 per
1658 2712 1839 2796 siglas
1880 2712 1981 2774 vel
2021 2711 2363 2774 litterarum
2404 2737 2695 2799 compen-

500 2796 635 2877 dia,
678 2810 740 2860 et
779 2797 945 2881 quod
985 2819 1167 2861 voces
1207 2800 1410 2860 minus
1450 2797 1771 2859 distinctae
1810 2795 1982 2858 nullo
2021 2795 2385 2879 plerumque
2416 2801 2693 2862 intersti-

499 2882 589 2941 tio
618 2883 732 2944 sibi
763 2882 1144 2946 cohaereant.
1225 2881 1410 2962 Quod
1440 2881 1724 2964 equidem
1766 2892 1977 2943 notam
2020 2901 2147 2940 non
2187 2883 2696 2945 contemnendam

501 2967 878 3048 antiquitatis
936 2966 1067 3027 CL.
1125 2964 1456 3028 Salmasius
1481 2968 1528 3046 ¹)
1588 2966 1825 3026 asserit.
1910 2964 2218 3034 Accentus
2259 2964 2479 3027 adiecti
2523 2966 2693 3028 illam

497 3067 614 3111 nec
641 3049 869 3112 tollunt
896 3071 1008 3111 nec
1039 3052 1349 3129 minuunt,
1373 3071 1516 3110 cum
1537 3049 1618 3111 ab
1649 3049 2061 3132 Aristophane
2088 3048 2362 3110 iamdum
2392 3051 2625 3112 inventi
2641 3053 2693 3133 2)

500 3143 563 3194 et
602 3135 666 3194 in
702 3136 1123 3197 vetustissimis
1147 3137 1348 3218 ‘atque
1387 3136 1916 3216 praestantissimis
1954 3130 2265 3194 codicibus
2295 3153 2475 3216 saepe
2513 3156 2693 3217 repe-

500 3217 753 3282 riantur.
831 3219 1101 3280 Externa
1140 3216 1283 3279 libri
1318 3216 1501 3279 facies
1523 3261 1543 3295 ‚
1599 3216 1990 3278 involucrum
2047 3218 2338 3277 nimirum
2397 3239 2468 3277 ex
2522 3220 2693 3280 corio

498 3297 733 3362 bubulo
758 3302 1021 3362 Turcieo
1050 3312 1332 3362 constans
1373 3321 1646 3383 auroque
1674 3300 2008 3362 obductum
2037 3312 2221 3383 atque
2247 3302 2483 3383 Regum
2511 3301 2690 3362 Hun-

498 3386 703 3463 gariae
742 3386 1002 3467 insignia
1023 3430 1042 3462 ‚
1084 3405 1242 3466 quae
1282 3386 1348 3444 in
1388 3395 1651 3466 utraque
1678 3396 1853 3467 parte
1881 3396 2178 3468 apparent
2198 3429 2217 3462 ‚
2257 3386 2407 3445 satis
2446 3384 2691 3446 demon-

496 3475 694 3528 strant
712 3510 732 3544 ‚
770 3488 897 3527 non
952 3466 1240 3528 ultimum
1294 3469 1458 3530 inter
1496 3467 1926 3530 celeberrimae
1966 3479 2149 3570 atque
2188 3469 2690 3530 instructissimae

497 3546 794 3611 Budensis
821 3595 839 3628 ,
881 3550 1005 3611 heu
1046 3549 1389 3633 quondam!
1432 3549 1840 3614 bibliothecae
1879 3554 2175 3631 κειμηλια
2220 3550 2422 3612 locum
2450 3551 2687 3613 obtinu-

496 3631 633 3696 isse.
712 3633 809 3694 De
849 3655 973 3715 quo
1013 3634 1174 3695 infra
1212 3632 1517 3717 pluribus.
1604 3635 1725 3696 Sed
1764 3647 1836 3698 ut
1888 3636 1966 3695 ad
2015 3636 2304 3696 interiora
2360 3635 2644 3695 accedam
2664 3680 2684 3712 ,

496 3717 731 3794 primus
797 3727 1089 3778 tractatus
1155 3737 1401 3780 omnem
1467 3730 1830 3800 apparatum
1881 3716 2170 3779 bellicum
2237 3719 2563 3800 omniaque
2605 3719 2687 3780 ad

498 3795 673 3859 illum
713 3803 1048 3861 necessaria
1088 3803 1460 3863 exactissime
1502 3802 1812 3864 describit.
1896 3799 2180 3883 Reliqui,
2242 3802 2396 3861 ritus
2438 3800 2684 3863 ecclesi-

500 3885 716 3943 asticos
739 3926 758 3960 ‚
833 3885 1193 3947 cerimonias
1247 3887 1312 3946 in
1349 3905 1724 3967 unoquoque
1763 3884 1915 3945 festo
1956 3884 2055 3946 die
2113 3884 2425 3945 observari
2474 3884 2683 3948 solitas

498 3963 790 4047 prolixius
832 3978 1208 4032 enumerant.
1288 3968 1450 4031 Hinc
1494 3990 1617 4030 non
1645 3965 1842 4029 solum
1871 3989 2028 4050 quae
2054 3965 2134 4027 ad
2161 3977 2384 4028 stamm
2414 3967 2683 4030 aulicum

542 4097 592 4168 ι)
633 4097 866 4167 Epistol.
912 4098 983 4152 ad
1040 4100 1124 4154 cl.
1155 4098 1500 4163 San-avium,
1553 4116 1699 4171 quae
1740 4097 2068 4150 CLxxxln.
2130 4107 2224 4171 est·
2260 4097 2319 4154 in
2367 4100 2498 4156 edit.
2538 4103 2679 4155 Bur-

642 4171 829 4222 manni
874 4187 925 4239 p.
986 4173 1101 4261 ιὸξ.
1147 4186 1229 4243 sq.
1377 4171 1434 4242 α)
1472 4168 1623 4224 Idem
1679 4169 1967 4222 Salmasius
2009 4171 2044 4222 1.
2094 4187 2141 4223 c.
