3050 4900
565 310 622 397 6
638 338 667 393 1
683 337 737 392 ο
970 332 1508 400 οοΝεΤΑΝΤιΝι
1566 331 2296 401 mmmmm

563 486 735 577 αἴρει
756 480 992 562 αῧτὸύς
1018 483 1144 552 dm}
1177 488 1306 553 τῶν
1340 489 1562 569 ἐκεῖσε,
1594 488 1705 552 καὶ
1740 479 1895 571 ἄγει
1913 489 1982 554 ἐν
2023 490 2110 577 τῷ
2148 491 2323 578 μέσῳ
2367 490 2485 555 τοῦ
2519 491 2722 577 φόρου

564 590 674 653 καί
730 590 975 671 ἵστησιν
1025 583 1260 661 αὐτους
1308 587 1653 667 μονοειδῶς
1710 583 1871 650 κατὰ
1919 584 2038 671 τήν
2089 590 2208 652 τοῦ
2259 585 2456 653 τόπου
2504 590 2726 657 θέσιν.

562 686 673 752 καὶ
705 682 942 762 εὖθέως
989 679 1260 771 ἄρχεται
1297 682 1333 746 ὅ
1381 683 1628 768 ψάλτης
1667 685 1828 765 μετὰ
1874 687 2111 767 μέλους
2149 685 2262 771 τήν
2301 690 2601 753 ἐπινίκιον
2647 683 2725 778 ᾂ-

561 788 694 853 δειν
744 781 950 875 ᾠδήν·
1034 777 1326 872 ,,ᾅσωμεν
1379 784 1469 870 τῷ
1508 785 1761 872 Κυρίῳ.
1846 782 2107 863 ἐνδόξως
2156 784 2283 871 γάρ
2335 783 2726 866 δεδόξασται.

560 888 748 951 ἵππον
787 882 898 948 καί
929 877 1248 967 ἀναβάτην
1288 876 1562 968 ἔᾷῥιψεν
1603 882 1694 959 εἷς
1736 881 2143 949 adamam!
2223 888 2351 950 τῶν
2384 887 2456 951 δὲ
2489 888 2762 953 λοιπῶν5

471 1000 510 1017 “··
558 986 821 1067 ψαλτῶν
853 984 964 1047 καί
1001 985 1117 1047 τοῦ
1151 985 1314 1046 λαοῦ
1367 980 1596 1058 παντὸς
1657 981 2191 1068 ἀποκρινομένου,
2254 983 2367 1049 καί
2405 988 2521 1071 τῆς
2559 984 2725 1074 ᾠδῆς

495 1081 763 1169 Βπάσης
802 1075 1373 1167 άποπληρουμένης,
1421 1076 1626 1156 εὖθίὶς
1666 1078 1835 1166 αἴρει
1879 1076 1919 1144 ’ὅ
1964 1086 2294 1168 λογοθέτης
2327 1087 2443 1149 τοῦ
2480 1082 2722 1168 δρόμου

559 1181 713 1258 τούς
752 1181 1133 1265 μεγιστάνας
1181 1184 1304 1245 τῶν
1358 1182 1741 1266 Σαρακηνῶν
1794 1177 1954 1263 μετά
2012 1184 2126 1247 καί
2173 1184 2292 1248 τοῦ
2348 1184 2720 1265 δομεστίκου

559 1284 689 1349 τῶν
729 1281 974 1365 σχολῶν
1014 1277 1124 1343 καί
1159 1282 1285 1342 τῶν
1337 1277 1660 1361 τυχόντων
1717 1285 2078 1366 στρατηγῶν
2135 1283 2228 1358 εἰς
2279 1279 2352 1347 τὸ
2392 1284 2718 1363 ταξείδιον,

560 1380 689 1445 εἴτε
755 1381 874 1444 τοῦ
913 1377 1326 1465 δρουγγαρίου
1391 1379 1519 1442 τῶν
1556 1379 1837 1460 πλοΐμων
1878 1380 1990 1445 καί
2024 1383 2152 1447 τῶν
2202 1383 2484 1465 πλοΐμων
2523 1401 2803 1465 arpa-ro

497 1514 508 1525 -
557 1483 763 1565 τηγῶν
817 1477 928 1543 καὶ
982 1480 1107 1543 τῶν
1165 1475 1453 1561 μεγάλων
1508 1476 1837 1563 α’ρχόντων
1903 1484 2016 1545 τοῦ
2055 1483 2359 1566 πλοΐμου,
2442 1480 2563 1547 εἴτε
2613 1482 2726 1546 καί

559 1579 942 1665 στρατηγῶν,
1000 1574 1283 1662 δηλονότι
1323 1579 1448 1642 τῶν
1487 1573 1558 1641 τὸ
1594 1580 1906 1654 ταξείδιον
1944 1579 2357 1665 ποιησάντων,
2404 1579 2566 1664 μετὰ
2597 1583 2722 1647 τῶν

558 1680 980 1766 τουρμαρχῶν
1019 1680 1131 1741 καί
1161 1676 1452 1759 μεγάλων
1485 1672 1814 1761 ἀρχόντων
1845 1680 1970 1744 τῶν
1998 1679 2296 1763 θεμάτων
2335 1682 2566 1762 αὕτῶν,
2611 1677 2727 1745 καὶ

485 1774 490 1785 ’
559 1775 702 1863 ἄγει
736 1775 1093 1864 ἔμπροσθεν
1120 1778 1234 1840 τοῦ
1262 1778 1575 1855 βασιλέως
1594 1825 1613 1858 ,
1674 1770 1870 1863 ἤγουν
1899 1781 2008 1844 ἐπὶ
2048 1782 2173 1845 τῶν
2196 1782 2309 1845 τοῦ
2336 1778 2537 1857 κίονος
2567 1781 2722 1846 οἴνα-

266 1879 422 1936 EtLL.
437 1881 540 1940 353
553 1874 835 1964 βάθρων,
877 1873 988 1939 καί
1022 1871 1187 1960 αἴρει
1219 1873 1253 1939 ὅ
1293 1878 1620 1959 λογοθὲτης
1654 1873 1820 1958 μετὰ
1855 1881 1970 1941 τοῦ
2010 1879 2377 1961 δομεστίκου
2402 1883 2529 1943 τῶν
2566 1887 2795 1961 ‹rgo-15

556 1979 718 2059 λῶν,
778 1974 951 2061 εἴπερ
1002 1968 1187 2049 αὐτὸς
1231 1964 1306 2058 ἦν
1348 1972 1382 2037 ὅ
1423 1972 1493 2039 τὸ
1541 1974 1850 2055 ταξείδιον
1892 1975 2197 2062 ποιήσας,
2262 1974 2377 2061 τήν
2418 1975 2716 2063 κεφαλὴν,

557 2069 754 2161 ἤγουν
793 2070 907 2139 τὸν
947 2077 1200 2159 πρῶτον
1255 2074 1572 2158 Ἀμηρᾶν,
1639 2073 1750 2140 καὶ
1791 2076 2049 2161 τίθησιν
2091 2073 2219 2139 eud
2278 2078 2404 2139 τῶν
2442 2080 2562 2140 τοῦ
2597 2080 2720 2159 βαε-

556 2175 783 2249 σιλέως
819 2172 1064 2255 ποδῶν,
1100 2170 1211 2237 καὶ
1258 2181 1451 2237 πατεῖ
1485 2171 1679 2238 αὐτὸν
1728 2173 1764 2237 ὅ
1802 2170 2105 2257 βασιλεῦς
2137 2172 2246 2237 ἐπὶ
2285 2171 2397 2257 τὴν
2434 2173 2719 2260 κεφαλὴν

554 2275 643 2359 τῷ
690 2274 877 2360 δεξιῷ
919 2273 1105 2335 ποδί·
1191 2266 1222 2334 ὅ
1266 2273 1338 2357 δὲ
1381 2271 1878 2359 πρωτοστράτωρ
1921 2270 2033 2336 ἐπὶ
2075 2273 2191 2335 τοῦ
2235 2267 2550 2355 τραχήλου
2593 2274 2721 2336 αὕ-

554 2375 670 2437 τοῦ
725 2374 1011 2457 ε’πίστησι
1055 2368 1125 2435 τὸ
1184 2369 1506 2454 βασιλικὸν
1558 2369 1757 2457 δόρυ,
1826 2373 2202 2457 κρατοῦντος
2259 2365 2541 2454 δηλονότι
2594 2373 2801 2440 τοῦτο

555 2474 864 2554 βασιλέως
903 2472 981 2557 τῇ
1024 2474 1195 2560 δεξιᾷ
1233 2471 1409 2557 χειρὶ
1448 2469 1516 2537 τὸ
1561 2469 1715 2537 αὐτὸ
1759 2467 1934 2557 δόρυ.
2016 2468 2128 2535 καί
2165 2469 2406 2543 εὐθέως
2449 2471 2715 2532 πίπτου-

554 2593 626 2638 σι
677 2566 904 2646 πάντες
953 2567 1016 2636 οἱ
1073 2572 1320 2655 δέσμιοι
1372 2580 1626 2659 πρηνεῖς
1670 2568 1782 2637 ἐπὶ
1836 2571 1950 2656 τῆς
1990 2570 2139 2654 γῆς·
2219 2566 2297 2633 τὰ
2348 2568 2420 2633 δὲ
2462 2562 2706 2635 τούτων

559 2857 701 2894 unus
748 2841 1026 2894 modulata
1059 2855 1190 2894 voce
1226 2856 1442 2894 carmen
1477 2839 1809 2910 triumphale
1844 2854 2066 2903 canere,
2100 2835 2249 2908 quod
2282 2835 2388 2888 hoc
2422 2843 2507 2888 est
2540 2832 2717 2909 [Mose

558 2910 839 3033 auctorcl:
881 2913 1155 2966 canamus
1190 2914 1444 2967 Domino.
1514 2912 1736 2964 Illustri
1767 2912 1911 2965 enim
1948 2922 2003 2963 et
2034 2910 2278 2981 glorioso
2314 2907 2557 2977 exemplo
2581 2925 2715 2978 pro·

557 2979 707 3035 didit
737 3001 775 3053 g
798 2983 973 3035 oriam
1009 2994 1061 3037 et
1091 2984 1396 3067 potentiam
1441 3000 1610 3035 suam.
1688 2982 1910 3056 Equum
1959 2992 2013 3034 et
2068 2980 2302 3052 equitem
2357 2976 2599 3032 coniecit
2650 2977 2714 3028 in

560 3069 731 3106 mare.
770 3052 873 3104 Cui
909 3053 1108 3123 reliqui
1143 3062 1388 3105 cantores
1426 3063 1481 3105 et
1515 3061 1663 3105 totus
1699 3052 1935 3121 populus
1972 3049 2360 3119 respondentes
2398 3047 2710 3099 continuant

559 3118 822 3188 hymnum
859 3121 1050 3187 illum,
1101 3122 1275 3175 donec
1313 3131 1437 3192 post
1474 3123 1689 3191 saepius
1726 3124 2016 3173 alter-natas
2048 3121 2288 3189 partium
2322 3117 2591 3171 ambarum
2619 3114 2705 3166 vi·

558 3207 646 3243 ces
697 3201 844 3245 totus
880 3192 1121 3246 canendo
1158 3193 1437 3245 absolutus
1475 3193 1657 3246 fuerit.
1743 3190 2006 3245 Absoluta
2061 3190 2309 3259 protinus
2345 3189 2560 3255 rapiunt
2611 3181 2701 3236 lo·

558 3259 781 3330 gotheta
829 3262 1006 3315 dromi
1038 3301 1054 3324 .
1111 3261 1434 3316 domesticus
1483 3262 1785 3314 scholarum
1840 3270 1896 3312 et
1950 3260 2045 3330 qui
2082 3258 2426 3311 excubiarum
2466 3256 2606 3307 vices
2642 3253 2707 3304 in

557 3333 832 3400 praetorio
869 3332 1168 3385 identidem
1207 3331 1417 3385 obeunt
1451 3333 1672 3403 strategi
1709 3350 1738 3385 e
1776 3332 2011 3383 statione
2047 3347 2145 3382 sua
2180 3337 2450 3398 magnates
2483 3325 2706 3377 Sarace-

555 3417 790 3454 norum:
827 3404 939 3455 sive
973 3404 1082 3455 iarn
1117 3421 1182 3455 eo
1219 3403 1310 3456 die
1347 3403 1740 3455 classiariorum
1775 3400 2089 3471 drungarius
2124 3406 2182 3452 et
2213 3397 2433 3467 strategi
2471 3403 2524 3447 et
2563 3401 2711 3446 eete-

559 3470 609 3521 ri
661 3473 888 3525 maiores
936 3483 1167 3526 rectores
1194 3512 1210 3538 ,
1276 3474 1389 3526 sive
1449 3473 1746 3525 thematum
1812 3487 1908 3524 seu
1969 3471 2245 3541 legionum
2293 3465 2714 3540 provincialium

560 3544 814 3610 strategi,
848 3542 1181 3596 turmarchae
1218 3552 1274 3596 et
1307 3545 1534 3597 maiores
1572 3552 1807 3596 rectores
1832 3580 1846 3606 ,
1882 3539 2022 3594 illud
2056 3539 2323 3593 taxidium
2388 3553 2481 3589 seu
2514 3534 2712 3588 cohor-

560 3615 676 3661 tem
711 3613 771 3663 in
823 3614 981 3665 armis
1026 3613 1409 3683 procedentem
1469 3616 1861 3682 securitatique
1897 3620 2061 3682 atque
2096 3609 2241 3663 bono
2277 3627 2339 3662 or
2382 3610 2393 3620 '
2442 3606 2458 3657 i
2495 3603 2714 3676 prospi-

560 3678 819 3755 cientem]
861 3683 1161 3737 conficiant.
1233 3682 1370 3739 Inde
1407 3682 1557 3737 ducit
1593 3702 1705 3748 cos,
1723 3700 1920 3753 nempe
1957 3678 2231 3750 logotheta
2267 3677 2462 3742 dromi,
2499 3674 2569 3727 ad
2600 3676 2716 3726 lm-

557 3759 860 3821 peratorem
896 3770 1057 3823 super
1088 3754 1280 3824 gradus
1315 3755 1597 3808 columnae
1638 3752 2001 3828 [Constantini
2022 3747 2060 3823 ,]
2099 3757 2157 3803 et
2200 3748 2419 3803 adiutus
2450 3765 2481 3799 a
2521 3747 2717 3799 ‹lome-

561 3822 700 3874 stico
740 3822 1045 3876 scholarum
1067 3863 1082 3888 ,
1114 3824 1187 3896 (si
1220 3842 1415 3895 nempe
1454 3826 1545 3877 hic
1578 3833 1709 3878 tunc
1742 3823 2006 3877 taxidium
2043 3822 2205 3874 ducat
2219 3819 2258 3892 ‚)
2294 3819 2592 3890 prosternit
2625 3832 2717 3869 ca·-

557 3901 697 4014 fflt‚
753 3894 814 3946 id
858 3902 941 3947 est
972 3896 1208 3965 primum
1246 3905 1302 3948 et
1349 3899 1703 3965 praecipuum
1753 3895 1991 3949 Amirum
2040 3892 2345 3960 captivum,
2391 3889 2490 3941 sub
2541 3885 2712 3956 pedes

642 3966 925 4033 peratoris.
994 3966 1064 4018 Et
1100 3973 1231 4017 tunc
1264 3967 1498 4036 imponit
1533 3968 1826 4035 Imperator
1871 3961 2063 4032 pedem
2103 3977 2257 4013 sunm
2309 3958 2556 4011 dextrum
2593 3958 2715 4009 eius

558 4034 757 4104 capiti:
800 4043 1158 4105 protostrator
1194 4045 1376 4089 autem
1426 4038 1659 4107 imponit
1692 4036 1919 4088 iacentis
1956 4032 2150 4085 cervici
2199 4030 2406 4084 hastam
2452 4028 2718 4098 imperia-

557 4101 708 4169 lem,
759 4123 917 4177 quam
954 4106 1070 4176 ipse
1105 4106 1403 4176 Imperator
1438 4124 1535 4159 sua
1569 4122 1786 4177 quoque
1834 4105 2021 4157 <lextra
2067 4100 2504 4170 comprehensam
2542 4105 2713 4150 tenet.

556 4173 638 4228 Eo
676 4175 840 4241 sacto,
879 4175 1078 4228 cadunt
1113 4177 1281 4229 ceteri
1317 4177 1515 4247 captivi
1558 4193 1745 4232 omnes
1778 4176 2027 4246 protinus
2062 4174 2120 4225 in
2156 4180 2352 4225 terram
2385 4168 2573 4239 proni;
2612 4170 2717 4222 ba-

560 4251 787 4318 staeqne
825 4252 883 4302 et
918 4245 1156 4300 flamulla
1191 4247 1430 4321 ipsorum
1476 4245 1700 4302 humum
1748 4262 1933 4308 versus
1977 4242 2235 4301 inclinata
2266 4242 2613 4298 invertuntur
2648 4238 2719 4295 in
