3050 4900
331 0 883 64 παρατεταγμένον
920 0 994 38 το
1038 0 1247 54 esua·
1288 0 1550 36 επεισαν
1593 0 1666 38 σε
1705 0 1873 37 εισον
1909 0 2014 38 τον
2051 0 2316 57 ρασιλεα
2348 0 2507 61 πλη-

335 69 679 158 σιάζοντα,
726 73 761 138 ὅ
803 75 922 156 μὲν
961 70 1231 161 στρατὸς
1270 70 1547 156 ἐκάθητο
1591 67 1700 137 ἐπὶ
1734 73 1859 136 τῶν
1900 74 2143 155 ἵππων,
2184 71 2241 138 οἱ
2286 75 2357 139 δὲ
2399 67 2520 162 ἔρ-

336 200 592 264 χοντες,
635 171 1021 255 καταβάντες
1061 170 1286 248 πάντες
1298 169 1471 252 ‚dni
1499 172 1614 254 γῆς
1655 168 1808 245 ἴσως
1846 168 2145 254 ἔπιπτον,
2182 168 2317 238 εἶτα
2362 172 2811 240 ‹iva-Ed.1,.262

2499 274 2521 299 t

295 274 598 351 ὅστάντες
638 270 804 356 μετοὶ
847 273 1076 347 παντὸς
1114 272 1231 335 τοῦ
1273 273 1552 355 στρατοῦ
1594 269 1928 355 εὐφήμουν
1969 267 2081 338 τὸν
2119 277 2411 355 βασιλέα.
2480 299 2517 339 ο

336 378 411 441 δὲ
451 371 612 460 πρὸς
655 370 890 446 αὐτούς
930 374 1207 451 ἐξένευε,
1271 371 1383 432 καί
1421 363 1591 445 ὅπως
1632 365 1912 451 ἔχουσιν,
1954 363 2212 455 ἧροότα,
2259 370 2372 438 καὶ
2407 369 2519 437 οὗ·

334 495 461 550 τως
495 465 682 537 πάλιν
719 471 1118 556 ὑπέστρεφεν
1159 469 1266 533 ἐπὶ
1302 466 1413 554 τὴν
1453 466 1645 532 ὁδόν·
1731 462 1893 553 αὕτη
1936 472 2009 535 δὲ
2050 468 2091 556 ἦ
2136 472 2523 549 κατάστασις

335 565 420 657 ἦν
460 574 636 659 αὐτῷ
675 564 833 655 ἄχρι
874 573 1002 634 τῶν
1045 567 1449 649 οἰκουμένων.
1532 569 1781 649 μέλλων
1826 570 1898 633 δὲ
1954 572 2066 635 καί
2115 570 2275 655 πρὸς
2314 570 2395 636 τοὶ
2439 567 2519 637 οἷ-

283 665 294 674 ’
340 671 560 757 οίκητα
625 671 1070 753 εἷσέρχεσθαι,
1135 666 1524 749 ἐπεβάλλετο
1590 659 1757 749 τό,τε
1816 669 2250 755 περισσότερον
2298 671 2521 755 χρῆμα

263 773 450 842 msa?
484 768 562 837 τοὶ
620 766 1012 856 φορτώματα
1051 765 1164 830 καὶ
1199 767 1345 843 τοὺς
1385 766 1502 831 τοῦ
1546 767 1703 832 λἀοὕ
1745 767 2241 854 ἀσθενεστέρους
2280 770 2393 835 καὶ
2435 769 2514 833 τοὶ

332 873 465 935 ταῖν
531 863 771 951 ἀλόγων
826 865 1009 950 χωλοὶ
1069 864 1183 931 καί
1229 869 1844 952 τετραυματισμένα.
1928 866 2143 932 ἐδίδου
2188 869 2260 933 δὲ
2303 869 2520 945 αὐτοῖς

334 968 617 1055 κεφαλὴν
657 965 773 1031 καὶ
826 970 1021 1051 μέρος
1061 964 1271 1048 ὀλίγον
1311 967 1590 1050 στρατοῦ
1630 968 1720 1041 εἷς
1762 967 2085 1053 φυλακὴν,
2159 969 2410 1033 ἐκέλευέ
2449 995 2520 1036 τε

333 1068 704 1154 πλησιάζειν
762 1070 918 1131 καθ’
956 1068 1026 1131 ἓν
1061 1066 1196 1130 τῶν
1238 1061 1729 1151 ἀσφαλεστέρων
1773 1062 2096 1152 κάπρων,
2162 1061 2312 1152 ὅπερ
2358 1073 2514 1152 πληῑ-
2538 1081 2580 1131 Β

336 1162 659 1253 σιέστερὸν
714 1167 854 1231 ἐστι
907 1163 1068 1250 πρὸς
1124 1161 1237 1249 τῆν
1293 1167 1654 1245 μέλλουσαν
1707 1162 1925 1243 ἔξοδον
1984 1170 2103 1229 τοῦ
2155 1169 2312 1231 λαοῦ
2350 1165 2516 1250 γίνε-

262 1270 520 1340 ιὸτθαι.
602 1265 713 1328 καί
765 1259 928 1346 μετά
968 1265 1166 1328 ταῦτα
1208 1258 1437 1348 οιῗριζεν
1478 1262 1604 1327 α’πό
1650 1267 1778 1328 τῶν
1818 1263 2112 1345 θεμάτων
2150 1266 2380 1350 μοίρας
2419 1291 2516 1331 τι-

333 1363 487 1446 νὰς,
528 1361 682 1439 τούς
721 1367 840 1444 μὲν
879 1362 1388 1449 προπορεύεσθαι
1427 1359 1792 1447 ἔμπροσθεν
1828 1366 1944 1428 τοῦ
1984 1361 2312 1450 φοσσάτου
2354 1362 2517 1449 πρὸς

333 1460 634 1554 φυλακήν
671 1456 908 1545 αὐτοῦ,
950 1461 1103 1538 τούς
1145 1464 1214 1528 δὲ
1259 1453 1523 1527 ὄπισθεν
1564 1463 2055 1546 ἐπακολουθεῖν,
2101 1461 2211 1539 οὓς
2252 1461 2519 1530 καλοῦσι

328 1562 818 1651 νωτοφύλακας·
904 1561 964 1628 οἱ
1004 1564 1077 1628 δὲ
1139 1559 1331 1628 avitos*
1387 1562 1684 1648 ὑπῆρχον
1728 1565 1841 1627 καί
1890 1564 2205 1650 θηρευταὶ
2240 1567 2370 1629 τῶν
2410 1562 2518 1629 διὰ
2535 1571 2735 1642 Με.4.ι

330 1663 581 1729 δειλίαν
618 1656 663 1748 ἢ
702 1659 1032 1753 ῥᾳθυμίαν
1085 1664 1566 1750 στρεφομένων·
1652 1660 1713 1727 οῖ
1754 1663 1825 1729 δὲ
1871 1669 2026 1749 παρ’
2083 1657 2353 1747 ἑκάτερα
2409 1687 2521 1727 πε-

245 1762 710 1853 ποριεπάτουν,
771 1758 887 1841 οὓς
925 1761 1190 1829 ἐκάλουν
1249 1753 1805 1849 πλαγιοφύλακας·
1890 1758 1950 1827 οἱ
1992 1763 2064 1828 δὲ
2104 1761 2293 1828 αὐτοὶ
2324 1761 2519 1844 μάλι-

323 1983 695 2047 instructum,
724 1994 758 2032 a
789 1979 912 2045 via,
955 1994 1069 2051 qua
1094 1978 1490 2034 transeundum
1542 1986 1661 2032 erat
1695 1980 2036 2049 Imperatori.
2106 1982 2180 2034 Ut
2218 1987 2402 2036 autem
2428 1982 2516 2034 vi·-

322 2053 547 2109 debant
584 2054 972 2122 Imperatorem
1027 2045 1593 2132 appropinquantem,
1664 2050 1926 2104 manebat
1973 2050 2197 2122 quidem
2250 2053 2311 2106 in
2354 2053 2514 2122 equis

323 2123 556 2192 reliqua
587 2122 783 2185 turba,
822 2117 990 2176 duces
1032 2130 1216 2176 autem
1258 2122 1525 2190 militares
1558 2138 1743 2174 omnes
1782 2122 2218 2186 descendebant,
2250 2130 2310 2174 et
2351 2122 2517 2174 simul

325 2210 531 2248 omnes
560 2177 924 2260 procidebant
953 2190 1158 2262 humo,
1201 2209 1297 2244 sur
1331 2201 1486 2248 entes
1519 2193 1650 2248 dein
1680 2190 2104 2247 concelebrabat
2140 2201 2198 2246 et
2232 2191 2519 2246 beneven-

327 2264 499 2317 tabat
537 2265 612 2314 Im
658 2270 925 2318 eratorem
967 2262 1161 2314 faustis
1209 2212 1695 2318 acclamationibus
1747 2281 1856 2316 una
1898 2264 2050 2317 velut
2098 2280 2230 2317 voce
2272 2271 2388 2317 tota
2430 2264 2517 2315 le-

326 2336 440 2406 gio.
519 2335 604 2387 De
647 2332 861 2386 ectebat
896 2332 965 2383 ad
1004 2350 1098 2386 eos
1139 2335 1218 2384 Im
1262 2342 1441 2388 erator
1483 2333 1551 2386 ‹le
1586 2335 1672 2385 via
1726 2333 2211 2405 interrogabatque
2236 2371 2252 2397 ,
2283 2351 2517 2404 quomo-

327 2407 404 2460 do
438 2403 710 2457 valerent.
782 2405 861 2457 Eo
900 2403 1063 2469 facto,
1108 2404 1224 2456 redi
1269 2411 1327 2455 at
1373 2405 1432 2457 in
1457 2405 1616 2455 viam.
1689 2405 1771 2456 Ita
1812 2404 1998 2469 fiebat,
2040 2405 2214 2459 donec
2248 2405 2307 2456 in
2340 2405 2515 2457 amico

323 2479 452 2531 solo
481 2475 878 2527 ambularetur.
947 2476 1019 2526 At
1045 2492 1215 2545 quum
1253 2476 1312 2527 in
1349 2493 1415 2530 eo
1451 2476 1560 2526 iam
1599 2484 1741 2528 esset
1777 2477 2111 2546 Imperator,
2150 2484 2214 2528 ut
2243 2476 2516 2527 hosticum

322 2551 596 2609 intraret,
634 2545 938 2615 seponebat
984 2553 1041 2596 et
1081 2553 1226 2597 retro
1269 2563 1489 2599 manere
1520 2545 1754 2598 iubebat
1794 2548 2124 2616 superfluam
2158 2545 2519 2616 suppellecti-

318 2620 438 2673 lem
474 2615 836 2685 sarcinasque
861 2622 918 2667 et
952 2614 1366 2668 multitudinem
1404 2617 1699 2670 invalidam
1733 2619 2214 2686 iumentorumque
2242 2614 2520 2687 quidquid

319 2691 396 2743 ad
439 2686 915 2742 claudicationem
966 2686 1261 2740 deductum
1311 2694 1407 2738 aut
1463 2687 1787 2741 vulneribus
1840 2688 2148 2741 confectum
2189 2694 2345 2740 esset.
2418 2686 2517 2737 His

320 2756 663 2830 imponebat
707 2763 873 2827 caput
925 2758 1011 2809 vel
1068 2773 1127 2808 ca
1171 2758 1414 2811 itaneum
1467 2760 1566 2809 a‘ut
1612 2759 1836 2822 ducem,
1879 2759 2240 2829 exiguamque
2282 2756 2523 2809 addebat

323 2830 635 2882 militarem
681 2844 938 2890 manum,
990 2775 1222 2878 iubefiat
1264 2846 1331 2881 ue
1374 2844 1465 2881 eos
1524 2828 1582 2880 in
1623 2830 1881 2881 viciniam
1925 2845 2043 2881 sese
2078 2830 2321 2899 recipere
2356 2828 2518 2880 castri

325 2900 576 2953 alicuius
634 2898 953 2951 munitioris
993 2904 1052 2950 et
1092 2897 1161 2948 ad
1199 2847 1360 2950 illum
1396 2899 1671 2969 propioris
1705 2907 1937 2952 tractum
1962 2937 1978 2962 ,
2028 2916 2057 2951 e
2089 2917 2199 2969 quo
2224 2900 2520 2952 descensu-

325 2987 428 3022 rus
458 2970 522 3021 in
560 2968 834 3020 hosticum
868 2975 988 3021 erat
1011 2969 1297 3021 exercitus.
1367 2969 1587 3022 Deinde
1616 2969 1920 3039 deputabat
1957 2970 2185 3024 selectos
2226 2987 2256 3022 e
2304 2969 2518 3021 thema-

325 3038 491 3092 tibus
558 3039 904 3107 manipulos,
958 3039 1155 3109 partim
1209 3056 1585 3107 praecessuros
1635 3042 1899 3093 fossatum
1939 3058 2034 3092 seu
2084 3041 2381 3093 exercitum
2412 3040 2522 3091 ho-

325 3111 627 3177 stiumque
673 3107 918 3161 subitum
986 3110 1254 3161 insultum
1313 3126 1615 3172 aversurus,
1662 3112 1858 3181 partim
1916 3111 2304 3164 subsecuturos
2353 3110 2526 3176 alios;

327 3195 479 3252 quos
511 3184 820 3246 postremos
851 3179 1247 3249 notophylacas
1291 3197 1389 3232 seu
1417 3181 1669 3233 custodes
1703 3183 1930 3253 tergoris
1966 3181 2248 3251 appellare
2280 3198 2397 3232 mos
2423 3187 2523 3233 est.

327 3252 557 3305 Horum
596 3246 1023 3317 tergisustodum
1058 3259 1177 3304 erat
1207 3268 1300 3306 eos
1340 3252 1568 3315 venari,
1626 3252 1725 3321 qui
1772 3261 1870 3304 aut
1898 3252 2149 3305 imbelles
2205 3259 2301 3303 aut
2335 3268 2523 3322 segnes

327 3328 519 3376 castra
550 3326 1099 3375 non,asseetarentur
1134 3330 1192 3374 et
1231 3322 1402 3373 aciem
1436 3320 1766 3380 desererent.
1836 3323 1947 3375 Alii
1974 3322 2042 3373 ab
2074 3330 2311 3393 utroque
2349 3323 2523 3374 latere

325 3387 759 3446 comitabantur
795 3397 1101 3443 moventem
1135 3391 1465 3456 exercitum,
1558 3409 1654 3443 uos
1684 3391 2126 3463 plagiophylacas
2163 3410 2257 3444 seu
2289 3392 2524 3446 laterum

324 3458 602 3516 custodes
653 3458 1019 3528 appellabant.
1093 3462 1302 3515 Horum
1343 3470 1461 3514 erat
1496 3410 1783 3516 dbservare
1817 3471 1985 3533 atque
2025 3469 2304 3525 coercere,
2342 3463 2387 3513 si
2423 3462 2521 3533 qui

322 3533 400 3585 ad
445 3532 672 3583 hostem
728 3530 1066 3598 transfugere
1099 3533 1442 3591 molirentur,
1516 3533 1718 3586 Omnes
1758 3541 1940 3586 autem
1974 3534 2060 3598 hi,
2115 3540 2223 3584 tam
2260 3548 2522 3603 praecur-

322 3619 517 3668 sores,
574 3615 743 3670 quam
797 3600 1194 3671 subsequentes
1225 3612 1283 3658 et
1323 3620 1355 3655 a
1391 3601 1658 3656 lateribus
1694 3606 2046 3668 comitantes,
2096 3610 2310 3656 tantum
2352 3603 2524 3657 dista-
