3050 4900
643 285 754 347 DE
810 280 1201 347 cEnmoN.
1252 276 1524 343 AULAE
1578 275 1918 342 BYZANT.
1992 282 2072 342 11.
2116 281 2216 351 15.
2354 249 2513 366 571

350 440 547 523 μονῆς
587 438 694 502 ἓν·
778 436 889 501 καί
926 435 993 499 ἐν
1029 436 1273 508 τούτοις
1325 440 1453 509 τοῖς
1511 427 1862 508 ἅλυσιδίοις
1919 431 2404 518 ἐκρεμάσθησαν
2442 429 2527 496 τὰ

349 542 465 622 τῆς
520 541 666 612 νέας
727 533 977 620 μεγάλα
1036 536 1289 618 ἀργυρᾶ
1343 529 1821 616 πολυκάνδηλα.
1902 529 2171 615 ἔστησαν
2210 533 2282 595 δὲ
2322 533 2389 595 ἐν
2429 532 2829 617 τιῇΕάιΛΜ

353 632 532 725 αύτῷ
569 638 860 723 τρικλίνῳ
900 637 1016 719 τῆς
1053 631 1427 718 μανναύρας
1483 634 1553 696 έν
1586 633 1714 715 μὲν
1770 634 1860 720 τῷ
1902 634 2081 717 δεξιῷ
2119 634 2299 714 μέρει
2339 632 2535 710 μέσον

345 739 474 801 τῶν
509 736 802 818 μεγάλων
841 732 1067 800 κιόνων
1103 730 1172 797 τὸ
1211 734 1496 816 χρυσοῦν
1536 723 1803 815 ὄργανον
1828 728 1950 809 ἔξω
1990 733 2114 796 τῶν
2151 733 2361 796 ἐκεῖσε·
2390 751 2536 814 κρε-

308 836 655 917 5μαμένων
694 833 925 920 βὴλων,
971 837 1081 899 καί
1125 825 1375 898 ἄνωθεν
1416 826 1620 895 αύτοῦ
1661 829 1748 906 aig
1776 829 1932 915 πρὸς
1973 825 2283 912 α’νατολὴν
2311 824 2380 894 τὸ
2414 829 2529 893 τοῦ

350 939 626 1001 Βενέτου
670 935 991 1021 α’ργυροῦν
1031 925 1330 1018 ὄργανον,
1395 929 1632 1012 ὅμοίως
1676 933 1786 996 καί
1825 933 1895 997 ἐν
1935 932 2022 1017 τῷ
2062 927 2364 1016 εὐωνύμῳ
2403 929 2518 1008 μέ·
2535 938 2640 997 Ma.
2668 934 2821 1009 ¹9³³*

351 1058 454 1120 ρει
495 1033 566 1100 τὸ
604 1038 722 1099 τοῦ
760 1035 1109 1116 Πρασίνου
1154 1032 1473 1117 ἀργυροῦν
1514 1022 1801 1115 ὄργανον.
1904 1029 2146 1109 ἰστέον,
2200 1021 2301 1089 ὅτι
2337 1025 2411 1090 τὸ
2450 1019 2531 1090 οἷ-

353 1132 808 1220 ναδενδράδιον
848 1127 996 1197 ὅλον
1035 1130 1338 1216 ἐποίησαν
1379 1126 1438 1195 οἱ
1478 1126 1855 1195 παστοποιοί
1894 1126 2071 1211 δίκην
2110 1127 2408 1212 τροπικῆς
2449 1118 2531 1189 οἷ-

357 1231 441 1297 πό
484 1233 729 1310 σενδές·
810 1231 994 1297 ἔνθεν
1049 1232 1122 1296 δὲ
1176 1231 1425 1295 κάκεῖσε
1480 1232 1607 1295 ταῖν
1664 1226 1914 1293 κιονίων
1968 1225 2094 1291 dm}
2149 1228 2275 1291 τῶν
2314 1225 2532 1299 σενδὲς

273 1336 543 1419 Ιομέχρι
596 1335 715 1397 τοῦ
767 1329 1051 1419 ἐδάφους
1108 1329 1591 1417 ἐκρεμάσθησαν
1655 1326 2097 1415 σκαραμάῇια
2143 1325 2386 1410 μεγάλα
2443 1317 2526 1391 τά

347 1434 459 1498 καί
498 1434 768 1498 δοθέντα
808 1429 934 1497 άπό
977 1431 1096 1495 τοῦ
1136 1428 1471 1494 παλατίου.
1560 1430 1766 1496 ῑοτέον
1786 1477 1807 1509 ,
1851 1417 1992 1510 ὅτι,
2022 1416 2178 1493 “τῶ’ν
2222 1425 2573 1495 ἹσπανῶνΒ

346 1530 697 1612 ἐλθόντων,
749 1533 1003 1615 ,γέγονεν
1044 1528 1198 1613 δοχῆ
1226 1525 1405 1603 ,κατὰ
1445 1525 1653 1594 πάντα
1705 1526 1893 1610 ὅμοία
1932 1523 2186 1613 ταύτης,
2249 1523 2411 1610 πλὴν
2447 1521 2519 1589 τὸ

347 1624 846 1716 ἀναδενδράδων
900 1631 1014 1715 τῆς
1069 1629 1440 1715 μανναύρας
1496 1620 1576 1691 ού
1621 1625 2058 1711 κατεκοσμήθη
2115 1621 2239 1689 ἀπὸ
2283 1624 2523 1706 σενδὲς,

348 1723 484 1793 ἄλλ’
527 1724 669 1793 ὅλον
710 1728 816 1794 διά
861 1730 1352 1812 σκαραμαγγάαον
1389 1729 1711 1811 μεγάλων,
1781 1724 1893 1790 καὶ
1923 1720 2407 1810 ἐκρεμάσθησαν
2454 1723 2525 1787 ἐν

274 1822 522 1916 ιόαύτῷ
559 1830 672 1893 καί
719 1827 801 1892 τά
836 1825 1144 1912 χειμευτὰ
1188 1824 1341 1913 ἔργα
1367 1826 1511 1893 “τοῧ’
1553 1824 1832 1910 φύλακος
1853 1871 1874 1890 .
1950 1824 2160 1908 γέγονε
2201 1824 2275 1887 δὲ
2311 1819 2353 1906 ἦ
2395 1823 2524 1887 τῶν

341 1926 664 1995 Ἷσπανῶν
705 1924 864 2011 δοχή
905 1925 1066 2013 μηνὶ
1094 1927 1448 2017 Ὀκτωβρίῳ
1489 1924 1605 1996 κδ’.
1688 1927 1915 2007 ἰστέον,
1964 1921 2064 1990 ὅτι
2103 1927 2173 1990 ἐν
2206 1923 2408 2011 ταύτῃ
2447 1922 2525 2008 τῇ

344 2028 608 2115 τροπικῇ
665 2029 744 2115 τῇ
802 2025 928 2090 άπὸ
983 2022 1112 2094 τῶν
1156 2029 1372 2104 σενδὲς
1412 2026 1992 2112 κατασκευασθείσῃ
2037 2021 2522 2109 ἐκρεμάσθησαν

343 2124 645 2191 ἆλυσίδια
686 2123 1106 2211 α’σπρόχαλκα
1148 2124 1222 2210 ιγ’
1266 2123 1392 2191 άπὸ
1438 2129 1563 2191 τῶν
1590 2124 1934 2212 Ὄρμίσδου
1979 2126 2089 2189 καί
2126 2118 2570 2213 πολυηάνδη-(ζ

343 2229 427 2289 λα
470 2219 719 2311 άργυρᾶ
761 2225 884 2289 ἀπὸ
925 2229 1038 2310 τῆς
1091 2229 1238 2302 νέας
1288 2225 1655 2311 ἐκκλησίας.
1738 2224 1848 2289 καὶ
1901 2225 1994 2300 εἷς
2043 2219 2116 2288 τό
2176 2215 2526 2310 φουρνικόν

263 2323 415 2390 20τὸ
457 2324 674 2409 ἑξάγον
712 2326 803 2402 εἷς
839 2322 944 2391 τὸν
983 2324 1292 2413 τρίκλινον
1328 2328 1453 2394 τῶν
1492 2322 1887 2392 κανδιδάτων
1935 2326 2149 2410 ἕτερον
2192 2320 2523 2388 ἅλυσίδιον

343 2578 539 2632 magna
577 2562 782 2630 tropica
819 2577 912 2616 seu
959 2560 1178 2615 trichila
1212 2580 1324 2614 una
1360 2579 1427 2614 ex
1465 2563 1657 2615 eodem
1696 2562 2047 2614 monasterio.
2129 2557 2210 2612 Ex
2240 2555 2331 2612 his
2367 2565 2518 2611 cate-

341 2635 429 2683 nis
476 2632 866 2699 dependebant
905 2641 1160 2702 argentea
1225 2650 1400 2686 novae
1460 2635 1718 2685 ecclesiae
1755 2631 2110 2703 polycandela
2162 2646 2258 2681 seu
2310 2628 2520 2682 cande-

341 2702 495 2753 labra
529 2701 822 2754 multorum
872 2719 1150 2756 cereorum
1185 2702 1356 2755 hastis
1417 2721 1510 2756 seu
1553 2703 1788 2755 foveolis
1863 2712 1920 2755 et
1977 2700 2249 2753 cantharis
2299 2701 2517 2751 multis-

344 2789 454 2844 que
502 2775 672 2825 cereis
708 2774 765 2824 in
803 2774 1068 2826 ambitum
1105 2775 1385 2826 instructa.
1465 2773 1878 2825 collocaverant
1931 2787 2151 2845 quoque
2204 2771 2264 2822 in
2316 2770 2514 2822 eodem

348 2843 596 2896 triclinio
633 2860 949 2913 magnaurae
989 2862 1019 2896 a
1059 2846 1248 2897 dextra
1284 2853 1440 2915 parte
1478 2844 1718 2896 medium
1777 2844 1918 2895 intra
1968 2857 2187 2911 magnas
2236 2841 2516 2894 columnas

343 2930 568 2965 aureum
608 2929 867 2984 organum
904 2923 1051 2968 extra
1091 2917 1210 2968 vela
1250 2931 1316 2968 ex
1354 2916 1466 2966 illis
1501 2914 1765 2967 columnis
1803 2911 2198 2985 dependentia,
2239 2919 2296 2965 et
2330 2910 2399 2961 ab
2443 2930 2514 2962 u-

339 2990 536 3055 traque
573 2985 688 3037 eius
731 2992 882 3054 parte
920 2986 987 3037 ad
1032 2985 1271 3038 dextram
1308 2985 1531 3056 quidem
1581 2986 1828 3055 superius
1894 3000 2078 3036 versus
2115 2983 2383 3035 orientem
2419 2996 2515 3033 or-

286 3061 292 3068 '
339 3073 537 3126 ganum
579 3065 894 3126 argenteum
935 3055 1180 3108 Venetae
1216 3056 1492 3121 factionis,
1508 3056 1580 3107 ad
1614 3058 1887 3108 sinistram
1926 3070 2053 3106 vero
2089 3050 2317 3104 inferius
2354 3066 2513 3120 orga-

341 3143 474 3179 num
511 3135 826 3196 argenteum
862 3128 1113 3179 Prasinae
1171 3128 1438 3179 factionis.
1531 3128 1853 3179 Arboretum
1897 3126 1986 3178 vel
2031 3125 2226 3177 atrium
2279 3120 2515 3175 triclinii

341 3197 631 3249 arboribus
669 3198 910 3249 obsitum
947 3203 1359 3250 efformaverant
1405 3199 1668 3250 aulaearii
1704 3215 1733 3251 e
1771 3197 1965 3266 pannis
2001 3193 2195 3247 sendes
2240 3193 2309 3244 ad
2341 3195 2519 3246 instar

334 3271 574 3342 tropices
598 3286 693 3320 sen
719 3267 1015 3319 ambulacri
1056 3269 1326 3326 fornicati.
1357 3266 1440 3319 Ab
1467 3277 1696 3340 utraque
1734 3276 1914 3320 autem
1947 3273 2102 3337 parte
2139 3264 2513 3316 columnarum

338 3356 368 3392 e
404 3339 600 3409 pannis
646 3338 839 3392 sendes
874 3338 1005 3391 inde
1041 3339 1305 3391 fornicem
1355 3357 1569 3392 sursum
1611 3349 1667 3392 te
1704 3336 1923 3391 entibus
1959 3352 2134 3407 usque
2170 3334 2238 3387 ad
2274 3333 2512 3387 fundum

336 3407 812 3478 suspendebantur
862 3411 1224 3480 scaramangia
1258 3427 1342 3462 ma
1381 3427 1481 3475 na,
1528 3428 1561 3462 a
1606 3428 1677 3480 pa
1702 3411 1816 3462 atio
1870 3406 2233 3479 suppeditata.
2317 3405 2510 3476 Legati

337 3478 568 3548 Hispani
607 3497 775 3551 quum
813 3480 1101 3545 adessent,
1149 3483 1353 3551 recipie
1396 3488 1557 3534 antur
1595 3482 1788 3534 eodem
1825 3496 2042 3550 prorsus
2079 3476 2284 3538 modo,
2339 3485 2508 3547 atque

337 3548 426 3600 ini
463 3549 786 3615 Tarsenses,
832 3568 897 3604 ea
933 3559 1144 3604 tantum
1171 3553 1508 3617 differentia,
1556 3553 1704 3623 quod
1742 3548 2207 3604 anadendradium
2246 3548 2336 3599 vel
2371 3548 2510 3599 viri-

340 3618 553 3670 darium
593 3638 921 3690 magnaurae
955 3639 1067 3675 non
1146 3626 1303 3677 annis
1335 3625 1550 3687 sendes,
1587 3623 1682 3676 sed
1714 3629 1891 3674 totum
1927 3619 2309 3689 scaramangiis
2345 3635 2506 3670 coor-

335 3696 526 3741 natum
566 3690 752 3743 fuerit.
828 3693 1109 3763 Suspende
1152 3703 1314 3747 antur
1352 3711 1573 3767 quoque
1609 3704 1741 3746 tunc
1788 3708 1953 3764 opera
1988 3692 2250 3743 materiae
2296 3689 2509 3758 pretio-

334 3776 461 3822 sae,
513 3761 752 3813 smaltita
785 3765 874 3815 vel
931 3766 1178 3818 incausto
1233 3767 1415 3835 picta,
1469 3782 1500 3817 e
1558 3763 1784 3833 phylace
1830 3780 1926 3816 seu
1973 3764 2183 3815 aerario
2231 3759 2506 3811 dominico

336 3828 635 3900 depromta.
707 3831 957 3903 Hispani,
991 3852 1130 3906 qnos
1168 3834 1304 3902 dixi,
1350 3836 1571 3888 admissi
1622 3837 1846 3889 suerunt
1880 3833 1972 3886 die
2026 3831 2199 3886 XXIV
2233 3830 2506 3889 Octobris.

331 3900 440 3953 Sed
476 3901 639 3955 redeo
678 3902 744 3953 ad
780 3914 1027 3975 coeptam
1077 3909 1445 3961 narrationem
1483 3908 1552 3960 de
1589 3907 1784 3976 legatis
1825 3901 2198 3959 Tarsensibus.
2306 3901 2373 3953 In
2408 3901 2507 3955 illa

329 3972 522 4042 itaque
574 3974 783 4042 tropica
835 3992 865 4027 e
916 3979 1112 4044 pannis
1187 3978 1380 4031 sendes
1434 3979 1679 4031 confecta
1743 3971 2215 4047 suspendebantur
2278 3981 2505 4024 catenae

329 4042 742 4113 quatuordecim
777 4063 978 4100 aeneae
1013 4050 1411 4119 inargentatae,
1442 4067 1509 4102 ex
1544 4048 1865 4101 Hormisdae
1906 4046 2018 4119 (vel
2059 4045 2111 4097 S.
2148 4045 2345 4117 Sergii)
2380 4059 2503 4094 mo-

327 4116 569 4168 nasterio
607 4117 848 4183 petitae,
899 4128 957 4171 et
1001 4120 1230 4174 totidem
1265 4119 1623 4192 polycandela
1672 4128 1923 4189 argentea
1963 4136 2029 4170 ex
2082 4133 2201 4170 nea.
2286 4114 2350 4169 ln
2385 4112 2503 4166 sor-

327 4187 449 4241 nice
487 4195 699 4253 autem,
735 4190 833 4262 qui
868 4190 930 4244 in
964 4191 1262 4246 triclinium
1302 4191 1713 4249 candidatorum
1751 4190 1921 4258 ducit,
1958 4191 2217 4263 suspensa
2254 4193 2369 4243 erat
2410 4198 2503 4238 ea·-
