3050 4900
539 355 652 419 xn
919 348 1326 415 Em'nole
1387 349 1812 414 LlPSOENSlS
1867 346 2344 417 DEDICATIO.

536 508 742 573 omnis
773 525 854 570 ac
891 506 1120 571 chorus
1150 507 1524 584 Musarum,
1568 506 1739 568 velut
1781 507 2251 570 sanctissimum
2281 524 2461 569 suurn
2495 525 2730 570 sacra-

539 618 744 695 rium,
811 616 1085 680 coluere.
1172 611 1476 675 Gaudent
1548 615 1618 674 in
1694 614 1924 695 primis
1977 612 2338 700 Lipsienses
2399 612 2726 675 Camenae

538 724 1035 809 exoptatissima
1056 720 1432 804 felicitate,
1485 735 1554 783 ut
1576 767 1603 796 ,
1645 741 1837 805 quum
1871 734 2061 783 tanta
2098 742 2204 782 eas
2238 722 2573 783 clementia
2598 721 2729 805 so-

534 851 729 904 veas,
765 846 1106 909 earumque
1157 825 1325 889 adeo
1379 828 1660 892 coetibus
1718 829 2019 889 interesse
2072 826 2258 889 haud
2307 827 2671 908 dedigneris
2693 873 2723 902 ,

537 946 670 1008 m,
709 957 842 999 una
885 957 1028 998 eum
1074 941 1561 997 SERENISSIMA
1597 941 1965 1003 CONIUGE,
2026 945 2358 1019 tamquam
2416 935 2729 997 tutelares

537 1044 774 1107 Genios
800 1088 828 1117 ,
864 1054 1264 1104 venerentur.
1344 1040 1433 1103 Et
1462 1061 1560 1102 me
1599 1060 1846 1125 quoque
1895 1041 2070 1102 iuvat
2122 1042 2368 1104 solvere
2404 1039 2733 1123 fraterna

532 1164 724 1223 vota,
776 1148 1084 1233 simulque
1122 1168 1330 1210 meam
1384 1168 1536 1228 erga
1589 1156 1697 1209 ΤΕ
1755 1169 2069 1211 summam
2122 1149 2327 1209 animi
2355 1146 2732 1227 religionem

537 1256 912 1320 documento
965 1258 1083 1319 hoe
1120 1255 1379 1339 publico
1416 1255 1744 1340 profiteri.
1820 1255 1998 1316 Deus
2044 1254 2193 1341 Opt.
2223 1253 2416 1318 Max.
2461 1273 2731 1334 regnum

531 1370 1051 1428 AUGUSTzSSJMI
1073 1368 1441 1424 PARENTIS
1464 1381 1664 1443 porro
1695 1381 1826 1422 esse
1860 1361 2442 1447 auspicatissimum
2476 1358 2732 1433 iubeat,

532 1477 859 1547 servetque
893 1475 1177 1530 REGIAE
1213 1475 1697 1530 CELSITUDINI
1724 1477 1923 1530 TUAE
1959 1468 2147 1530 illam
2188 1468 2506 1550 egregiam
2543 1487 2728 1528 men-

530 1586 656 1633 tem
684 1574 754 1632 in
783 1569 1149 1633 litterarum
1178 1591 1257 1634 ac
1287 1570 1589 1656 publicae
1624 1569 1853 1632 salutis
1887 1560 2215 1638 uberrima
2262 1572 2598 1637 commoda
2640 1594 2729 1634 ae

538 1678 894 1740 diutissime
955 1680 1257 1764 sospitem
1301 1688 1405 1743 TE
1438 1677 1913 1765 florentemque
1973 1680 2296 1768 praestet!
2354 1681 2541 1747 Haec
2601 1678 2728 1742 ad·

536 1783 740 1850 siduis
762 1788 1060 1871 precibus
1102 1799 1288 1869 optat

863 2058 1276 2125 REGIAE
1343 2061 2051 2125 CELSITUDINI
2109 2061 2390 2125 TUAE

1472 2798 1919 2862 devotissimus
1957 2810 2018 2859 et
2052 2796 2639 2881 obsequentissimus

1602 3017 2001 3079 Camsrmws
2046 3014 2330 3079 Annuus
2372 3014 2575 3076 Lmen.
