3050 4900
1085 298 1725 419 PRAEraTloNFs.
1745 374 1754 383 ’
2391 360 2505 423 XV

292 533 418 573 non
462 508 747 578 illustret.
835 508 901 570 Si
946 529 1133 592 quem
1160 512 1391 572 rituum
1421 509 1961 572 ecclesiasticorum
2007 509 2276 574 studium
2314 517 2502 598 capit,

291 624 617 694 cognoscat
658 611 809 671 hinc
829 655 849 686 ,
893 609 1095 692 qualis
1150 610 1331 672 fuerit
1373 610 1661 672 ecclesiae
1719 613 1987 672 Graecae
2044 612 2229 674 facies
2270 612 2508 677 decimo

295 725 435 794 post
476 713 557 773 N.
607 711 683 771 C.
730 709 980 772 saeculo
1002 754 1021 790 ,
1079 731 1237 793 qnae
1278 710 1677 793 legendorum
1737 711 2233 774 Patriarcharum
2295 715 2454 776 ratio
2484 760 2505 794 ‚

294 813 499 895 qualis
523 833 745 875 eorum
786 832 934 872 cum
979 811 1105 872 suis
1147 810 1627 893 Imperator-ibus
1669 811 2071 890 consuetude,
2115 834 2272 894 quae
2311 815 2508 876 Grae-

296 935 524 975 carum
576 910 968 973 eeclesiarum
1018 921 1219 993 partes
1276 921 1340 972 et
1390 920 1699 973 structura
1718 956 1738 991 ,
1797 932 1959 995 quae
2011 912 2292 974 instituta
2347 913 2507 975 cele-

302 1009 536 1075 brandi
582 1012 774 1073 divini
814 1009 1021 1071 cultus
1051 1057 1072 1090 ‚
1132 1013 1238 1094 qui
1281 1012 1412 1073 eius
1446 1012 1754 1093 ministri,
1818 1014 1959 1095 quis
2018 1012 2172 1073 ordo
2213 1013 2507 1075 festorum

311 1113 551 1175 dierum
572 1157 593 1189 ‚
630 1132 793 1194 quae
832 1132 1041 1172 sacrae
1080 1113 1493 1193 processiones
1514 1156 1537 1190 ,
1598 1133 1750 1195 quas
1766 1155 1788 1190 ‚
1844 1112 2069 1195 quibus
2109 1112 2325 1174 diebus
2346 1157 2368 1195 ‚
2424 1114 2507 1174 ad

310 1214 487 1274 aedoe
524 1214 977 1273 monaster-iave
1014 1210 1376 1273 celebriora.
1492 1213 1726 1273 Rerum
1765 1223 1970 1272 autem
2024 1211 2302 1274 civilium
2355 1234 2506 1274 eon-

308 1312 619 1396 templatio
659 1314 715 1373 si
756 1332 943 1394 qu·-
992 1314 1184 1394 magis
1224 1310 1516 1390 delectat,
1570 1323 1780 1373 vastus
1834 1310 1924 1372 illi
1978 1333 2044 1374 se
2096 1334 2346 1396 campus
2402 1313 2505 1374 hic

304 1413 517 1497 pandit
544 1423 825 1496 spectatu
863 1410 1085 1494 dignus
1123 1414 1352 1494 pariter
1391 1422 1576 1495 atque
1614 1411 1940 1473 iucundus.
2028 1413 2328 1475 Creantur
2368 1413 2504 1475 Au-

309 1515 463 1595 gusti
486 1557 507 1589 ‚
566 1511 887 1574 celebrant
950 1514 1193 1594 nuptias
1218 1556 1238 1591 ‚
1298 1522 1732 1593 susceptosque
1772 1531 1984 1573 recens
2024 1510 2248 1574 liberos
2288 1525 2508 1577 ctu-ant
2565 1532 2572 1542 “

310 1634 478 1674 sacro
545 1611 799 1674 lavacro
853 1613 920 1671 in
980 1610 1231 1673 ecclesia
1287 1613 1563 1695 expiari3
1620 1610 1944 1671 conferunt
1997 1611 2318 1693 dignitates
2338 1657 2358 1692 ,
2427 1615 2507 1675 ad

310 1714 657 1775 subm-bana
695 1710 930 1795 palatia
966 1715 1365 1791 rusticatnmf
1420 1710 1863 1772 vindemiatum
1886 1755 1906 1790 ,
1964 1712 2111 1771 item
2166 1713 2246 1773 ad
2285 1713 2509 1775 horrea

318 1812 579 1895 publica,
618 1833 928 1873 annonam
976 1811 1282 1873 conditam
1326 1821 1691 1894 spectatum,
1733 1810 2075 1894 procedunt
2106 1832 2126 1892 ;
2178 1815 2508 1894 excipiunt,

316 1914 487 1975 aliter
522 1913 913 1996 quotidianas
968 1933 1291 1994 procerum
1351 1911 1743 1973 salutationes
1768 1956 1789 1989 ‚
1845 1909 2024 1973 aliter
2078 1923 2265 1973 statas
2305 1912 2507 1975 solen»-

308 2017 550 2092 niores3
609 2022 908 2095 perorant
947 2014 1013 2071 in
1068 2011 1320 2073 silentiis
1347 2055 1367 2090 ,
1426 2022 1702 2094 spectant
1756 2012 2106 2085 Circensem
2154 2015 2453 2075 insaniam
2481 2059 2504 2091 ‚

306 2113 562 2175 audiunt
598 2115 943 2174 factionum
986 2111 1447 2174 acclamationes
1487 2121 1552 2172 et
1589 2109 2017 2195 flagitationes,
2057 2115 2330 2194 praemia
2356 2114 2508 2175 dant

306 2216 531 2296 aurigis
596 2213 941 2275 victoribus
961 2257 981 2292 ,
1042 2212 1294 2274 missilia
1352 2224 1648 2295 spargunt
1678 2255 1699 2290 ‚
1759 2228 1765 2265 ἰ
1776 2211 2138 2295 pyrrhichas
2198 2224 2260 2274 et
2326 2213 2504 2276 ludos

309 2315 600 2376 Gothioos
643 2323 957 2396 spectant,
1015 2325 1159 2374 vota
1182 2358 1202 2391 ‚
1257 2311 1561 2374 brumalia
1581 2357 1599 2391 ‚
1663 2312 1895 2374 natales
1935 2324 2105 2375 ortus
2142 2314 2505 2398 imperiique

306 2425 369 2476 et
405 2415 705 2478 connubii
747 2415 844 2476 sui
886 2411 1195 2474 celebrant
1220 2457 1240 2493 ,
1298 2412 1539 2475 divinas
1599 2410 1808 2496 epulas
1867 2411 2151 2476 exhibent
2171 2458 2191 2493 ,
2252 2427 2399 2478 eunt
2437 2419 2502 2476 in

306 2514 535 2576 bellum
554 2559 576 2594 ,
636 2525 829 2597 agunt
885 2515 950 2574 in
1007 2516 1219 2575 castris
1239 2556 1259 2591 ,
1313 2512 1575 2574 redeunt
1621 2514 1687 2573 in
1743 2512 1962 2574 urbem
2020 2514 2466 2597 triumphantes
2481 2561 2506 2595 ‚

313 2618 377 2674 vi
592 2636 630 2675 e
662 2613 903 2676 calcant
940 2634 1155 2696 regum
1196 2614 1507 2693 cervices3
1552 2611 1852 2695 stipendia
1888 2611 2185 2676 militibus
2225 2625 2503 2698 erogant,

312 2716 622 2777 instruunt
675 2726 739 2776 et
795 2713 1121 2797 expediunt
1176 2712 1395 2776 classes
1412 2759 1434 2794 ‚
1493 2713 1825 2776 admittunt
1872 2713 2102 2798 legatos
2159 2727 2508 2778 exterorum

321 2817 659 2896 principum
684 2859 707 2894 ,
780 2835 923 2876 suos
981 2815 1098 2896 ipsi
1146 2812 1430 2897 ablegant
1449 2859 1471 2893 ‚
1535 2835 1826 2897 pompam
1888 2826 1951 2877 et
2005 2814 2217 2877 luxum
2258 2837 2505 2878 omnem

329 2934 511 2976 snum
542 2915 831 2997 explicant
859 2960 879 2996 ,
924 2925 1185 2998 egestate
1223 2917 1450 2996 passim
1488 2917 1922 2977 transmicante
1941 2959 1962 2998 ,
2001 2917 2249 2978 tandem
2276 2918 2506 2978 abeunt

318 3013 407 3074 ad
442 3014 673 3096 plures,
711 3026 771 3076 et
808 3018 875 3078 in
918 3025 1317 3076 monumenta
1356 3036 1466 3076 sua
1507 3015 1871 3080 inferuntur.
1950 3016 2348 3079 Perambules
2383 3017 2504 3078 hoc

309 3115 451 3196 ipso
488 3113 650 3176 libro
688 3115 843 3176 duce
883 3113 993 3175 illa
1033 3134 1240 3175 eorum
1280 3113 1643 3197 sepulcralia
1681 3125 2076 3176 monumenta
2095 3160 2117 3195 ‚
2183 3127 2246 3177 et
2283 3115 2505 3178 lustres

304 3215 727 3299 cuiuscunque
765 3236 989 3278 urnam
1027 3235 1170 3276 cum
1224 3217 1532 3299 inscriptis
1584 3216 1937 3277 nominibus
1958 3262 1977 3295 ‚
2020 3219 2086 3278 in
2128 3217 2350 3299 quibus
2389 3217 2503 3279 ali-

307 3344 437 3404 qua
475 3335 647 3402 sunt,
691 3346 852 3406 quae
894 3325 1117 3386 frustra
1148 3325 1213 3384 in
1249 3324 1562 3385 Ducsnen
1601 3324 1657 3386 F
1658 3322 1879 3386 amiliis
1923 3321 2271 3403 Byzantinis
2316 3339 2504 3402 quae-

304 3443 433 3486 ras.
510 3424 810 3484 Penetres
865 3444 1111 3507 qnoque
1167 3423 1287 3484 hoc
1344 3424 1560 3485 eodem
1610 3424 1765 3486 duce
1818 3425 1886 3485 in
1926 3425 2060 3506 ipsa
2097 3423 2506 3504 pretiosorum

302 3532 379 3583 et
412 3525 748 3605 insignium
793 3523 1163 3585 orientalis'
1146 3527 1386 3608 imperii
1426 3525 1813 3604 conditoria,
1856 3544 2149 3607 areasque
2187 3521 2506 3584 vestiarias

298 3631 375 3681 et
433 3621 622 3683 aliam
675 3623 1109 3705 supellectilem
1163 3628 1449 3688 excutias.
1534 3623 1757 3687 Melius
1796 3624 1900 3686 hic
1921 3668 1943 3703 ‚
2009 3644 2196 3706 quam
2247 3643 2506 3704 usquam

298 3719 461 3782 alibi
487 3768 510 3803 ‚
572 3744 901 3805 procerum
955 3736 1087 3785 tam
1142 3723 1552 3807 palatinorum
1581 3770 1601 3806 ‚
1661 3747 1849 3810 quam
1903 3721 2260 3785 militarium
2280 3767 2300 3802 ,
2360 3724 2507 3783 item

304 3824 787 3904 magistratuum
840 3824 1221 3887 urbanorum
1276 3825 1660 3909 aliorumque
1725 3828 2036 3887 minorum
2093 3823 2340 3884 ordines
2405 3823 2506 3884 vi·-

307 3920 482 4001 dffl,
524 3924 850 4008 longisque
890 3927 958 3986 in
1004 3926 1342 4008 porticibus
1384 3928 1746 3989 excubantes
1785 3946 2144 3989 numerosos
2181 3928 2508 4007 variosque
2523 3925 2786 3983 Ed.1,.n1

312 4043 525 4106 greges
602 4030 763 4088 sacri
836 4031 1112 4109 eorporis
1178 4028 1487 4091 custodiae
1548 4029 1888 4112 deputatos,
2019 4028 2204 4087 Mitto
2259 4035 2460 4084 cetera
2485 4069 2507 4102 ‚

304 4144 501 4204 quum
541 4148 581 4187 e
619 4130 908 4210 superius
946 4128 1122 4190 dictis
1165 4129 1407 4190 abunde
1445 4140 1682 4191 constet
1704 4173 1726 4208 ‚
1791 4151 1924 4191 eam
1968 4149 2097 4190 esse
2145 4146 2354 4188 rerum
2391 4124 2508 4186 hoc

306 4222 369 4284 in
410 4247 606 4311 opere
653 4229 1068 4312 expositarum
1110 4231 1465 4292 varietatem
1485 4275 1506 4312 ‚
1565 4229 1836 4315 leporem
1877 4241 2060 4313 atque
2114 4228 2467 4311 d'gnitatem
2485 4270 2507 4305 ,
