3050 4900
2048 178 2065 203 l

596 250 646 339 5
663 283 694 338 1
708 252 766 340 6
1027 271 1575 340 oons‘rmnm
1629 268 2360 341 ronruruoemm

1332 560 2071 625 PRAEFATIO.

300 937 578 1009 atham
671 976 675 981 .
751 921 826 990 ‘O
867 921 1018 1006 περὶ
1055 918 1164 1004 τῆς
1207 916 1541 999 βασιλικῆς
1581 915 1695 978 καί
1732 915 2138 1000 συγκλητικῆς
2179 912 2415 995 τάξεως
2456 916 2670 1005 λόγος,
2711 923 2779 987 ἓ-

300 1024 818 1115 mannanhun
863 1011 1260 1100 πολυσχεδής
1297 1011 1390 1089 τίς
1431 1016 1606 1078 ἐστιν
1648 1014 1758 1077 καί
1797 1010 1890 1096 μὴ
1934 1012 2172 1102 ῥᾳδίως
2201 1025 2333 1093 τοῖς
2374 1024 2624 1096 πολλοῖς
2663 1045 2777 1084 κα·-

593 1113 1177 1203 ταλαμβανόμενος,
1215 1109 1739 1194 μεταπιπτόντων
1778 1108 2029 1188 πάντως
2070 1111 2185 1177 καί
2216 1120 2777 1198 μεταβαλλομένων

595 1229 732 1299 ταῖς
774 1215 929 1285 κατὰ
976 1212 1235 1301 καιροὺς
1274 1216 1399 1278 τῶν
1438 1209 1824 1298 πραγμάτων
1860 1209 2318 1296 μεταποιήσεσι
2357 1220 2468 1281 καί
2502 1220 2625 1282 τῶν
2662 1216 2777 1284 τοία

533 1329 785 1403 Βξεων·
866 1313 984 1382 ὅσα
1038 1316 1156 1396 μὲν
1213 1313 1420 1377 αὐτῶν
1474 1316 1848 1397 συγγραφῆς
1902 1308 2079 1396 παρά
2133 1338 2298 1379 τισιν
2339 1311 2583 1399 ἔτυχεν,
2660 1322 2817 1393 οὕκ5

555 1462 568 1469 -
596 1421 892 1504 ἐμμελῶς
938 1414 1091 1479 ου’δὲ
1136 1408 1740 1498 κεκριμένως,,ιῖλλά
1764 1407 1972 1494 χῦδην
1999 1434 2066 1475 τε
2106 1414 2213 1477 καὶ
2251 1411 2575 1501 σποράδην
2607 1419 2776 1481 ἐκτε-
2816 1432 2823 1439 ’

596 1519 898 1601 θειμένα,
973 1511 1218 1597 ἐξίτηλοί
1259 1535 1326 1576 τε
1371 1503 1521 1575 ὄντα
1580 1501 1700 1595 ἤδη
1751 1509 1863 1574 καί
1900 1515 1985 1599 τῷ
2024 1515 2267 1599 γέροντι
2300 1513 2511 1604 χρόνῳ
2552 1500 2778 1599 συγγε-

594 1614 960 1703 γηρακότα,
1021 1610 1132 1676 καὶ
1185 1605 1334 1676 δ’σον
1393 1602 1569 1673 οὔπω
1628 1607 1783 1695 πρὸς
1838 1609 2232 1698 ἅνυπαρξίαν
2283 1610 2777 1698 περιστήσεσθαι

596 1716 923 1799 μέλλοντα,
963 1713 1297 1798 ἡμετέραις
1337 1708 1727 1790 ἐπιμελείαις
1768 1707 2126 1794 φιλοπόνως
2144 1715 2685 1796 συναθροισθέντα
2708 1716 2776 1780 ἐν

538 1817 675 1902 στῇ
713 1809 835 1897 πρὸ
879 1813 1068 1896 τῆσδε
1109 1809 1305 1898 βίβλῳ
1357 1804 1558 1895 εἷρμῷ
1613 1830 1738 1871 τινι
1792 1809 1906 1872 καί
1955 1809 2133 1887 τάξει
2191 1815 2599 1900 λελογισμένῃ
2658 1837 2861 1886 rte-ro

597 1912 923 2001 ριελήφθη
984 1934 1052 1974 τε
1109 1910 1224 1974 καί
1273 1908 1708 1973 συντέτακται.
1792 1901 1917 1971 ὅσα
1975 1910 2046 1972 δὲ
2099 1909 2138 1994 ἦ
2201 1913 2494 1995 παροῦσα
2554 1911 2771 1995 βίβλος

595 2013 998 2095 ἐμπεριέχει,
1040 2005 1266 2090 ἔτυχεν
1304 2008 1424 2088 μὲν
1465 2008 1842 2092 συγγραφῆς
1880 2002 2008 2070 ὖπό
2045 2032 2211 2084 τινος
2253 2009 2587 2093 οὐδαμῶς,
2652 2008 2777 2077 εἴτε

596 2103 860 2197 ἇμελείᾳ
919 2108 1048 2171 τῶν
1104 2101 1343 2185 πάλαι,
1405 2101 1512 2167 εἶτ’
1570 2102 1723 2181 ἴσως
1763 2103 1876 2169 καὶ
1921 2108 2009 2193 τῷ
2061 2104 2152 2191 μή
2197 2110 2566 2192 ἐπιτηδείως
2606 2107 2777 2194 ἔχειν

595 2206 758 2294 πρὸς
796 2204 874 2271 τὰ
918 2208 1197 2293 τοιαῦτα.
1279 2211 1419 2280 ταῖς
1456 2204 1738 2286 μνήμαις
1776 2206 1994 2287 μέντοι
2034 2203 2469 2290 διασωζόμενα
2506 2213 2618 2274 καί
2653 2235 2778 2277 πα-

601 2304 688 2395 ρὰ
730 2308 859 2371 τῶν
899 2305 1343 2390 πρεσβυτέρων
1386 2299 1753 2380 ἀκολούθως
1790 2312 1919 2380 τοῖς
1978 2307 2301 2391 νεωτέροις
2358 2307 2861 2394 παραπεμπό-ιδ

531 2398 761 2492 Βμὲνα
801 2403 910 2471 τὸν
950 2400 1192 2492 φθόνον
1231 2395 1353 2489 ἤδη
1413 2402 1805 2491 διαφυγόντα
1860 2408 2089 2491 μέχρις
2146 2405 2326 2491 ἡμῶν
2382 2405 2605 2492 ἴσχυσε
2660 2433 2781 2474 κα-

600 2501 918 2593 ταντῆσαι.
1003 2503 1081 2569 οὗ
1142 2500 1386 2568 δίκαιον
1441 2496 1560 2570 οὖν
1601 2504 1902 2593 ᾠήθημεν
1941 2501 2175 2588 κόσμον
2215 2511 2510 2574 τοσοῦτον
2545 2505 2777 2586 τάξεων

749 2757 935 2829 Quum
974 2753 1267 2824 multiplex
1304 2759 1362 2807 et
1397 2751 1667 2806 multifida
1703 2756 1777 2808 sit
1809 2755 1880 2810 de
1903 2755 2097 2810 ordine
2121 2758 2270 2830 regio
2297 2766 2464 2831 atque
2505 2758 2776 2812 senatorio

601 2830 856 2885 tractatio
877 2827 1148 2896 vulgoque
1169 2823 1318 2878 haud
1353 2824 1512 2876 facile
1549 2826 1920 2895 percipienda,
1976 2826 2490 2901 (quandoquidem,
2535 2838 2597 2881 ut
2626 2837 2783 2881 cete*

601 2918 695 2955 rae
733 2916 817 2952 res
861 2916 893 2950 a
931 2896 1160 2949 decursu
1223 2904 1529 2964 temporum
1568 2897 1702 2946 alias
1745 2896 2046 2949 identidem
2096 2901 2342 2972 aliasque
2379 2901 2578 2954 formas
2615 2898 2777 2950 indu-

600 2978 742 3034 unt,
796 2970 876 3022 sic
913 2970 1080 3021 etiam
1117 2964 1479 3017 humanarum
1532 2965 1862 3035 dignitatum
1898 2968 2119 3021 ordines
2154 2973 2299 3022 vices
2338 2988 2459 3023 suas
2496 2972 2777 3038 patiuntur

600 3042 974 3109 terminosque
1010 3053 1133 3088 suos
1170 3036 1474 3106 migrant.)
1529 3036 1836 3089 studuimus
1871 3042 2046 3107 primo
2103 3040 2327 3109 quidem
2361 3040 2526 3092 huius
2563 3040 2777 3108 operis,

604 3120 680 3177 et,
721 3112 819 3184 qui
858 3110 1003 3160 hunc
1039 3106 1356 3177 praecedit,
1412 3105 1557 3157 libro
1596 3116 1846 3160 contexta
1883 3110 2118 3179 quodam
2156 3111 2304 3162 velut
2338 3112 2431 3162 filo
2469 3111 2780 3180 sapienter-

603 3199 713 3254 que
751 3189 807 3234 et
847 3179 1092 3233 consulte
1130 3177 1340 3245 digesta
1377 3176 1793 3229 coordinatione
1829 3179 2044 3232 tradere
2083 3187 2140 3233 et
2161 3181 2447 3250 complecti
2482 3198 2547 3231 ea
2576 3179 2777 3242 omnia,

603 3268 745 3322 quae
794 3249 1041 3302 studium
1079 3255 1325 3300 nostrum
1377 3263 1697 3315 congregare
1738 3258 1793 3299 ct
1830 3267 2018 3303 eruere
2055 3268 2084 3303 e
2121 3258 2360 3302 veterum
2407 3251 2776 3301 monumentis

601 3323 809 3390 scripto
868 3317 1197 3387 consignatis
1248 3315 1318 3367 ad
1372 3311 1478 3368 hoc
1535 3329 1911 3384 argumentum
1962 3322 2260 3390 spectantia
2311 3320 2508 3389 potuit.
2580 3317 2779 3388 Neque

603 3394 756 3445 enim
794 3389 935 3442 illud
966 3407 997 3439 a
1032 3388 1260 3440 vetustis
1309 3401 1528 3454 prorsus
1580 3387 1900 3442 derelictum
1950 3389 2087 3457 suit3
2134 3399 2190 3441 at
2240 3391 2316 3441 ita
2352 3398 2534 3441 tamen
2569 3396 2776 3441 tracta-

604 3468 760 3524 tum,
795 3468 895 3524 ut,
939 3474 1106 3530 quum
1143 3456 1228 3508 illi
1265 3472 1449 3527 neque
1488 3472 1646 3521 cura,
1710 3477 1890 3531 neque
1931 3459 2145 3512 delectu
2183 3466 2240 3512 et
2272 3459 2481 3511 iudicio
2517 3459 2602 3510 usi
2642 3460 2782 3511 fuis-

604 3538 760 3594 sent,
799 3546 978 3600 neque
1015 3529 1155 3580 serio
1193 3544 1306 3579 rem
1345 3529 1618 3598 egissent,
1655 3528 1752 3581 sed
1787 3548 1882 3582 sua
1917 3531 2131 3599 potius,
2182 3538 2246 3582 ut
2278 3529 2509 3594 tulerat,
2553 3528 2781 3582 effudis-

603 3608 735 3655 sent
773 3605 937 3670 atque
975 3599 1324 3668 sparsissent,
1378 3596 1720 3651 obsolescere
1768 3602 2078 3669 inciperent
2124 3597 2192 3651 ab
2229 3601 2363 3670 ipsis
2398 3599 2599 3653 tradita
2638 3608 2780 3651 tem-

597 3672 835 3742 porique
879 3670 1183 3721 senescenti
1239 3684 1627 3721 consenescere
1652 3708 1667 3733 ‚
1706 3678 1779 3722 ‘et
1822 3679 2034 3722 tantum
2072 3688 2184 3722 non
2237 3687 2306 3723 ex
2340 3690 2444 3723 usu
2494 3669 2780 3723 hominnm

601 3757 895 3812 rerumque
934 3740 1135 3794 circulo
1179 3737 1428 3791 excidere
1463 3741 1815 3792 minarentur.
1869 3740 2026 3809 Quae
2055 3758 2182 3793 vero
2219 3741 2395 3805 liber,
2436 3759 2599 3812 quem
2634 3755 2780 3792 nunc

604 3810 884 3874 ordimur,
945 3809 1358 3880 complectitur,
1406 3826 1468 3862 ea
1520 3809 1718 3861 litteris
1767 3810 1987 3880 quidem
2023 3830 2054 3864 a
2091 3813 2311 3865 nemine
2363 3814 2616 3865 mandata
2651 3811 2780 3862 fue-

603 3888 763 3945 runt,
818 3883 930 3933 sive
979 3881 1038 3933 id
1092 3881 1301 3931 incuria
1353 3881 1648 3947 priscorum
1698 3879 1979 3933 hominum
2032 3884 2356 3951 contigerit,
2423 3885 2536 3936 sive
2585 3887 2779 3934 natura

603 3953 787 4007 minus
827 3950 1016 4003 idonei
1052 3948 1254 4001 talibus
1290 3949 1716 4003 commentandis
1752 3950 1839 4002 illi
1886 3952 2129 4005 suerint:
2183 3961 2241 4005 at
2288 3956 2548 4007 memoria
2600 3959 2779 4002 tamen

608 4040 674 4076 ea
711 4022 1044 4076 conservavit
1079 4029 1135 4073 et
1170 4036 1202 4071 a
1236 4020 1533 4073 maioribus
1572 4021 1641 4072 ad
1679 4023 1918 4074 iuniores
1955 4026 2300 4094 propagavit,
2362 4025 2649 4092 potiorque
2688 4021 2779 4071 in-

604 4093 760 4146 vidia
796 4100 850 4145 et
889 4091 1125 4143 adversis
1171 4089 1383 4142 casibus
1434 4090 1503 4143 ad
1540 4097 1724 4144 nostra
1774 4111 1948 4163 usque
1988 4101 2232 4164 tempora
2278 4093 2588 4146 transmisit.
2658 4088 2779 4141 Ini-

613 4182 784 4237 quum
817 4179 945 4233 ergo
983 4160 1341 4217 iudicavimus
1376 4170 1673 4234 nostraque
1709 4180 1942 4236 persona
1997 4165 2280 4236 indignum
2327 4167 2674 4239 permittere,
2710 4171 2780 4219 ut
