3050 4900
648 369 783 430 XVI
792 369 847 430 11
1405 358 1520 423 10.
1579 356 1739 422 IAC.
1796 358 2093 423 REISKII

645 525 927 606 ignotum
975 520 1104 580 eius
1153 534 1377 576 nomen
1421 523 1511 574 est
1558 515 1625 575 in
1670 512 1925 577 historia
1971 512 2329 595 Byzantina,
2372 535 2441 575 ex
2491 513 2670 577 titulo
2712 516 2841 579 Ex-

644 632 997 706 cerptorum
1037 616 1682 679 Constantinianomm
1721 613 1798 675 de
1847 611 2250 697 legationibus
2277 659 2297 694 ,
2341 616 2514 679 cuius
2558 623 2839 700 superius

642 725 1017 786 mentionem
1069 714 1439 779 iniieiebam.
1539 714 1798 777 Exstant
1846 715 1913 773 in
1980 732 2054 774 eo
2105 712 2285 775 titulo
2345 715 2647 796 quaedam
2704 721 2842 780 eius

638 824 979 905 fragmenta
1007 864 1026 897 ‚
1084 815 1325 878 nullum
1366 826 1573 875 tamen
1629 811 1850 874 Iuliani
1911 824 2108 875 aetate
2171 816 2497 897 posterius.
2613 815 2701 879 At
2764 821 2837 880 in

637 933 851 984 nostro
891 918 1100 981 codice
1142 938 1280 999 cap.
1338 914 1732 980 LXXXVII.
1761 913 1898 978 Lib.
1941 915 1990 978 Ι.
2041 936 2181 998 pag.
2239 934 2362 1000 ²²9
2408 937 2534 978 non
2587 929 2832 980 tantum

636 1018 935 1085 Theudae
961 1065 981 1101 ,
1043 1015 1287 1079 Gothici
1328 1017 1395 1075 in
1434 1014 1733 1097 Hispania
1775 1015 1936 1096 regis
1964 1058 1984 1094 ‚
2028 1013 2109 1075 ad
2152 1013 2557 1079 lastinianum
2605 1016 2831 1102 legatio

631 1120 803 1184 velut
848 1123 915 1181 in
969 1120 1231 1180 transitu
1280 1126 1657 1176 memoratur
1682 1159 1702 1194 ,
1745 1113 1853 1175 sed
1895 1113 2125 1177 ibidem
2162 1137 2408 1200 quoque
2444 1139 2515 1179 ex
2553 1117 2829 1201 professo

628 1219 1041 1284 memorabilis
1082 1217 1399 1281 Anthemii
1441 1215 1521 1276 ad
1564 1216 1833 1276 Leonem
1873 1234 2166 1299 magnum
2217 1214 2438 1301 legatio
2479 1223 2827 1303 exponitur,

627 1342 750 1404 qua
788 1322 1131 1404 Imperator
1160 1317 1490 1380 occidentis
1517 1314 1820 1377 laureatas
1860 1336 2001 1377 suas
2041 1318 2334 1400 imagines
2367 1328 2548 1402 atque
2588 1318 2829 1385 litteras

625 1418 904 1483 orientali
948 1417 1246 1480 mittebat.
1328 1418 1403 1479 111
1430 1418 1789 1479 universum
1831 1437 1905 1478 ea
1937 1419 2147 1478 omnia
2174 1461 2195 1497 ,
2235 1439 2394 1500 quae
2439 1440 2477 1480 a
2522 1442 2661 1504 pag.
2698 1422 2827 1484 225

624 1542 758 1603 cap.
797 1519 1154 1581 LXXXIV.
1187 1538 1381 1601 usque
1410 1516 1489 1577 ad
1521 1538 1661 1602 pag.
1702 1515 1818 1579 251
1856 1537 1996 1599 cap.
2027 1516 2259 1581 XCVI.
2293 1516 2615 1603 leguntur,
2669 1523 2828 1585 item

621 1631 807 1703 caput
854 1618 997 1681 libri
1053 1618 1105 1681 1.
1144 1616 1432 1679 ultimum
1460 1661 1480 1699 ,
1555 1629 1616 1677 et
1685 1617 1842 1678 forte
1900 1637 2149 1700 quoque
2204 1614 2324 1677 alia
2383 1618 2565 1700 plura
2585 1665 2604 1701 ‚
2662 1633 2821 1706 puto

618 1720 791 1781 Petri
852 1720 1129 1803 Magistri
1178 1739 1307 1780 esse
1327 1762 1347 1798 ‚
1391 1738 1463 1779 ex
1508 1736 1582 1778 eo
1609 1759 1628 1796 ‚
1668 1737 1854 1799 quem
1897 1715 2021 1777 dixi
2045 1761 2065 1799 ,
2108 1714 2425 1799 deperdito
2471 1718 2630 1783 libro
2666 1719 2826 1804 περὶ
2897 1772 2908 1793 ,

616 1814 1057 1893 καταστάσεως
1093 1810 1402 1903 ᾶεοειῬῐειζ
1487 1818 1806 1879 Promittit
1842 1837 1962 1880 vox
2006 1809 2403 1891 κατάστασις
2447 1820 2816 1884 constitutio

614 1943 740 1984 non
790 1933 1032 1982 tantum
1070 1930 1394 2002 praecepta
1459 1919 1765 2000 sapienter
1809 1917 2329 1980 administrandae
2383 1916 2753 2003 reipublicae
2782 1967 2807 2003 ‚

610 2021 720 2084 sed
759 2023 943 2082 etiam
992 2023 1223 2082 rituum
1240 2064 1260 2101 ,
1319 2017 1545 2102 quibus
1591 2015 1798 2079 civilia
1838 2021 2083 2100 negotia
2136 2030 2514 2103 peraguntur
2539 2067 2559 2101 ,
2624 2043 2814 2106 expo-

604 2123 890 2184 sitionem
917 2144 937 2184 τ
999 2119 1272 2203 adeoque
1331 2119 1597 2200 pertinet
1652 2115 1733 2178 ad
1785 2129 2022 2180 veteres
2071 2117 2263 2180 libros
2312 2121 2593 2184 Tacticos
2619 2167 2639 2202 ,
2700 2144 2813 2185 seu

608 2218 1056 2300 cerimoniales,
1110 2220 1188 2281 de
1236 2219 1459 2302 quibus
1507 2217 1576 2279 in
1617 2221 2070 2282 commentariis
2116 2240 2384 2303 agemus.
2491 2222 2812 2286 Promittit

605 2323 775 2385 idem
825 2342 1071 2406 quoque
1112 2320 1375 2405 dignitas
1402 2364 1421 2400 ‚
1472 2341 1662 2402 quam
1713 2319 1938 2381 Petrus
1996 2321 2180 2404 gessit
2208 2366 2228 2401 ,
2281 2325 2556 2406 magistri
2599 2344 2808 2386 sacro·

604 2444 749 2486 rum
796 2422 1138 2485 officiorum
1155 2466 1174 2502 ‚
1219 2420 1298 2482 ad
1353 2420 1528 2482 cuius
1569 2410 1846 2484 officium
1891 2431 2074 2505 atque
2111 2420 2568 2506 dispositionem
2620 2425 2808 2488 etiam

606 2526 1068 2587 cerimoniarius
1119 2521 1485 2606 pertinebat.
1569 2520 1784 2584 Enitet
1848 2523 2055 2606 itaque
2105 2524 2172 2583 in
2221 2523 2339 2585 hoc
2376 2527 2578 2608 primo
2620 2525 2808 2589 huius

604 2627 806 2708 operis
855 2624 1169 2687 volumine
1217 2621 1446 2706 grande
1487 2621 1606 2683 hoc
1654 2622 1827 2684 Petri
1882 2623 2160 2706 Magistri
2211 2624 2646 2709 fragmentum,
2688 2647 2803 2689 ve-

603 2722 699 2787 lut
740 2723 1065 2808 gemmula.
1150 2721 1239 2784 At
1286 2726 1350 2784 in
1395 2722 1661 2785 secundo
1683 2767 1701 2803 ,
1744 2722 1913 2807 quod
1952 2723 2194 2785 favente
2236 2725 2373 2786 Deo
2414 2738 2802 2810 quantocyus

602 2825 917 2907 expediam
944 2869 964 2904 ,
1035 2826 1196 2885 inter
1239 2822 1359 2884 alia
1415 2823 1729 2906 praeclara
1791 2823 2042 2884 enitebit
2104 2823 2375 2906 prolixus
2418 2837 2481 2887 et
2542 2829 2801 2911 insignis

596 2921 760 2987 liber
817 2911 1072 2986 alicuius
1104 2922 1439 2988 ‚Pffiloffiei
1456 2968 1476 3006 ,
1534 2924 2024 3008 protospatharii
2081 2934 2144 2986 et
2196 2908 2558 2989 Artocnnae'
2593 2927 2745 3011 regii
2773 2976 2797 3008 ‚

598 3046 723 3108 quo
775 3045 900 3086 non
950 3035 1191 3086 tantum
1242 3023 1593 3085 divinarum
1635 3023 1956 3107 epularum
1994 3023 2273 3087 ordinem
2332 3024 2513 3108 plene
2572 3025 2795 3088 distin-

597 3137 839 3209 cteque,
881 3134 954 3185 ut
982 3123 1071 3185 nil
1109 3146 1321 3207 supra,
1364 3129 1774 3208 persequitur,
1819 3124 1926 3186 sed
1971 3128 2177 3205 etiam,
2221 3124 2389 3209 quod
2427 3138 2794 3208 argumento

592 3223 689 3286 illi
737 3225 1023 3285 cohaeret
1044 3271 1062 3304 ‚
1107 3224 1473 3308 dignitatum
1527 3237 1654 3286 tam
1692 3223 2125 3308 palatinarum,
2168 3246 2353 3308 quam
2397 3224 2789 3308 militarium,

384 3327 661 3387 nemrot
703 3324 1080 3385 urbanarum
1133 3346 1378 3408 quoque
1397 3369 1417 3404 ,
1463 3347 1500 3386 a
1545 3329 1797 3388 summis
1838 3326 1918 3387 ad
1959 3329 2110 3387 imas
2142 3371 2162 3406 ,
2203 3327 2454 3386 nomina
2498 3336 2559 3386 et
2606 3347 2790 3410 prae·

598 3424 834 3487 sidendi
874 3426 1009 3486 iura
1032 3471 1051 3504 ,
1099 3428 1246 3487 item
1291 3447 1449 3508 quae
1505 3427 1627 3488 sint
1665 3429 2000 3508 axiomata,
2058 3447 2168 3488 seu
2217 3425 2541 3508 dignitates
2565 3469 2584 3506 ‚
2628 3447 2793 3510 quae

596 3524 796 3588 officia
819 3572 839 3606 ,
882 3527 1104 3608 quibus
1145 3547 1287 3593 cum
1325 3525 1569 3588 brabeis
1590 3571 1610 3606 ,
1664 3527 1765 3591 vel
1806 3528 2144 3612 insignibus
2164 3571 2184 3607 ‚
2227 3525 2641 3605 conferantur,
2671 3547 2790 3588 nee

595 3648 718 3687 non
747 3647 873 3710 quo
887 3648 1164 3710 quaeque
1195 3626 1410 3687 ordine
1430 3638 1491 3687 et
1508 3627 1731 3710 quibus
1761 3627 1975 3690 diebus
2009 3627 2090 3688 ad
2113 3645 2349 3688 sacram
2377 3646 2651 3687 mensam
2685 3627 2789 3688 ad-

596 3737 886 3806 vocetur,
930 3727 1190 3788 assideat
1234 3737 1296 3787 et
1346 3726 1515 3788 illinc
1558 3747 1770 3790 rursus
1812 3730 2123 3789 emittatur
2142 3774 2163 3808 ‚
2200 3736 2492 3788 recenset.
2578 3725 2788 3790 Habet

591 3836 908 3909 praeterea
949 3837 1277 3909 utrumque
1317 3826 1607 3889 volumen
1655 3827 1774 3889 alia
1823 3837 2218 3889 monumenta
2241 3870 2261 3908 ,
2305 3847 2341 3887 e
2386 3823 2610 3908 quibus
2642 3826 2783 3888 Dn-

591 3947 801 3988 cnen
833 3925 1130 3988 Familiae
1163 3927 1538 4012 Byzantinae
1573 3931 1781 4013 augeri
1804 3973 1823 4009 ‚
1881 3925 2436 4010 Constantinopolis
2479 3924 2782 3988 christia-'-

590 4046 674 4086 na
739 4029 962 4108 corr.;.i
1000 4072 1020 4108 ,
1094 4027 1571 4111 Byzantinorum
1636 4028 2022 4114 quorundam
2065 4028 2499 4090 historicorum
2567 4026 2776 4089 hiatus

591 4126 857 4209 expleri,
930 4137 994 4189 et
1058 4125 1486 4214 chronologica
1543 4131 1842 4214 quaedam
1902 4139 2212 4192 momenta
2273 4140 2437 4190 recte
2487 4128 2774 4190 constitui

593 4239 869 4311 possunt.
970 4228 1114 4311 Quo
1157 4233 1464 4315 pertinent
1522 4234 1902 4295 narrationes
1953 4230 2032 4294 de
2080 4228 2410 4315 Theophili
2453 4240 2513 4293 et
2565 4226 2775 4291 Basilii
