3050 4900
563 269 571 286 ¹
653 241 827 328 806
867 233 874 242 '
1087 264 1633 330 cossi-mm
1676 207 2413 332 Ponp'nmoomm

645 419 749 490 κοί
781 421 1072 508 κληρικοί
1108 424 1227 485 τοῦ
1271 415 1500 507 Φάρου
1545 470 1588 501 ,,
1632 420 1702 503 ε’,
1776 417 1842 484 οἱ
1894 419 2313 498 ὕποδιάκονες
2352 426 2467 508 τῆς
2505 422 2686 509 άγίας
2717 431 2816 497 Σο-

647 525 807 609 φίας
843 526 982 603 μιλ.
1024 520 1097 603 ς’,
1141 518 1202 585 οἶ
1244 522 1508 586 δεκανοὶ
1544 522 1664 584 τοῦ
1702 520 2112 607 πατριάρχου
2162 530 2299 603 μιλ.
2338 522 2421 605 δ’,
2475 521 2543 589 οἱ
2580 527 2813 595 ‹rononi-

642 645 757 686 ται
784 627 920 703 μιλ.
955 620 1030 705 γ’,
1075 617 1141 686 οἷ
1178 623 1293 707 τῆς
1333 622 1617 705 σπουδῆς
1654 626 1789 703 μιλ.
1829 617 1909 707 η’,
1954 617 2017 686 οἱ
2061 623 2176 706 τῆς
2212 628 2671 711 παρασπουδῆς
2703 637 2813 711 μιλ,

643 721 722 804 ε’,
768 719 832 786 οἱ
873 718 1235 808 στράτωρες
1276 725 1401 787 τοῦ
1439 718 1848 808 πατριάρχου
1891 726 2027 803 μιλ.
2069 724 2138 805 ε’,
2182 719 2247 788 οἱ
2286 716 2680 808 &vamum
2710 729 2813 793 τῶν

645 822 703 905 β’
747 819 1121 906 ἑβδομάδων
1159 869 1202 905 ,,
1248 818 1330 903 α’,
1369 828 1504 902 μιλ.
1536 820 1611 903 ς’,
1654 818 1715 887 οἱ
1735 823 2004 918 ψάλται
2044 826 2158 907 τῆς
2197 818 2383 906 ἇγίας
2412 828 2650 912 Σοφίας
2675 877 2713 909 ,,
2747 825 2840 911 α’,5

343 930 786 1009 Εᾱ.1,.466,ιιιλ.“
826 920 899 1004 ς’,
946 923 1008 988 οἱ
1046 919 1521 1009 σκευοφυλακες
1546 971 1589 1004 ‚‚
1621 923 1700 1004 α’,
1744 923 1808 987 οἱ
1844 920 2155 1009 ὑπουργοὶ
2199 924 2312 988 τοῦ
2354 923 2667 1011 νάρθηκος
2700 932 2814 1008 pul.

648 1020 729 1106 δ’,
797 1020 858 1087 οἱ
900 1019 1220 1106 ὄστιάριοι
1259 1026 1381 1087 τοῦ
1437 1018 1620 1107 άγίου
1688 1024 1965 1110 φρέατος
2029 1028 2169 1103 μιλ.·
2202 1019 2272 1106 ε’,
2344 1024 2405 1089 οῖ
2455 1026 2813 1108 βαλαντάδες

645 1129 780 1207 μιλ.
825 1121 893 1206 s',
954 1120 1017 1187 οἱ
1057 1122 1501 1188 ἐπισκοπιανοί
1534 1130 1673 1206 μιλ.
1713 1122 1784 1204 ε’,
1843 1119 1879 1185 ὅ
1925 1124 2297 1204 δομέστικος
2335 1126 2468 1189 τῶν
2507 1121 2812 1194 §nodami-

642 1248 771 1291 νων
808 1230 949 1306 μιλ.
990 1221 1066 1304 ς’,
1119 1219 1164 1309 ἦ
1200 1222 1500 1308 ἐκκλησία
1543 1226 1675 1290 τῶν
1714 1219 2070 1308 άκοομήτων
2094 1273 2138 1306 „
2181 1221 2256 1307 y',
2299 1223 2345 1310 ἦ
2386 1227 2683 1309 ἐκκλησία
2714 1225 2809 1289 τοῦ

645 1327 902 1412 Κυρίου
947 1375 987 1406 ,,
1035 1321 1117 1407 α’,
1191 1323 1234 1409 ἢ
1276 1324 1576 1410 ἐκκλησία
1614 1325 1735 1389 τοῦ
1789 1322 1973 1407 ἆγίου
2016 1320 2342 1410 Στεφάνου
2381 1328 2503 1390 τοῦ
2542 1322 2862 1409 ἶπποδρο-ῑο

641 1428 793 1512 μίου
834 1474 876 1507 ,,
920 1421 1005 1508 α’,
1042 1422 1086 1512 ἦ
1127 1426 1430 1509 ἐκκλησία
1472 1427 1594 1489 τοῦ
1630 1426 1919 1511 σωτῆρος
1957 1425 2071 1489 τοῦ
2108 1425 2419 1508 σταυρίου
2451 1476 2497 1508 ,,
2531 1423 2607 1507 α’,
2656 1423 2693 1510 ἦ
2726 1427 2809 1490 ⁸⁸2⁸·-

639 1528 870 1608 ,πλησία
912 1526 1041 1590 τῶν
1077 1522 1436 1589 Βασιλίδου
1477 1572 1524 1607 ,,
1567 1522 1647 1605 α’,
1704 1524 1748 1609 ἧ
1791 1525 2090 1609 ἐκκλησία
2129 1523 2245 1588 τοῦ
2286 1521 2471 1611 ἇγίου
2514 1521 2808 1611 Στεφάνου

638 1627 752 1710 τῆς
789 1625 1060 1712 Δάφνης
1104 1674 1152 1707 „
1200 1622 1279 1706 α’,
1317 1623 1361 1710 ἦ
1402 1626 1701 1710 ἐκκλησία
1743 1628 1857 1690 τοῦ
1899 1624 2083 1708 ἁγίου
2126 1623 2387 1711 Σργίου
2430 1622 2549 1690 καὶ
2578 1624 2806 1705 Βάκχου

638 1767 681 1808 ,,
714 1721 792 1807 α’,
846 1724 894 1811 ἡ
933 1728 1233 1810 ἐκκλησία
1273 1727 1390 1809 τῆς
1426 1729 1632 1810 μονῆς
1668 1726 1793 1789 τοῦ
1835 1720 2201 1791 Πελεκάνου
2234 1775 2278 1808 „
2320 1721 2399 1804 α’,
2458 1719 2504 1808 ἦ
2547 1722 2807 1807 ἐκκλησία

638 1829 757 1891 τοῦ
799 1824 983 1909 ἁγίου
1033 1826 1374 1911 Θεοδώρου
1399 1876 1443 1908 ,,
1471 1821 1554 1907 α’,
1610 1823 1656 1910 ἦ
1699 1824 1999 1909 ἐκκλησία
2052 1823 2174 1889 τοῦ
2213 1820 2401 1907 ἁγίου
2450 1819 2859 1890 Καλλινίκουιό

638 1974 681 2007 ,,
718 1921 800 2007 α’,
864 1923 908 2011 ἦ
955 1926 1242 1990 διακονία
1281 1925 1407 1990 τῶν
1453 1926 1807 2012 Οὕρβικίου
1835 1975 1877 2007 ,,
1915 1922 1993 2008 α’,
2063 1924 2102 2009 ἦ
2148 1921 2443 1989 διακονία
2496 1924 2615 1987 τοῦ
2653 1918 2805 2005 ἁγίου

580 2023 912 2091 ΒΜωκίου
954 2020 1115 2107 ,,“α’,
1157 2023 1201 2109 ἦ
1244 2025 1547 2110 ἐκκλησία
1586 2028 1709 2089 τοῦ
1758 2024 1942 2108 ἁγίου
1986 2024 2379 2108 Παγχαρίου
2426 2070 2473 2105 ,‚
2510 2021 2594 2088 α’.
2669 2012 2808 2103 ὁμοῦ

633 2123 913 2211 χρυσίου
957 2173 999 2205 ,,
1037 2125 1132 2188 κδ’
1134 2175 1155 2207 ‚
1199 2122 1315 2188 καὶ
1349 2122 1463 2187 διά
1503 2130 1639 2207 μιλ.
1684 2175 1727 2208 ,‚
1767 2124 1835 2207 ε’,
1870 2130 1982 2206 μιλ
2046 2118 2127 2209 η’.
2168 2126 2280 2189 καί
2318 2120 2489 2204 ὄμοῦ
2531 2118 2638 2186 διὰ
2671 2143 2807 2206 χρυ-

636 2224 778 2291 σίου
821 2224 934 2289 καί
966 2229 1104 2305 μιλ.
1143 2273 1185 2304 ,,
1229 2221 1351 2305 2:3⁹,
1388 2227 1529 2304 μιλ.
1569 2221 1647 2308 η’,
1718 2227 1833 2289 καί
1870 2222 2030 2305 ὁμοῦ
2069 2222 2144 2288 τὸ
2188 2224 2316 2287 πᾶν
2354 2218 2530 2299 ἔξοδ.
2568 2222 2716 2306 λίτρ.
2749 2213 2803 2300 ε’,

635 2373 680 2407 ,,
714 2321 837 2405 μζ,
903 2326 1017 2389 καὶ
1053 2323 1286 2409 οἷναπρ.
1328 2371 1372 2404 „
1426 2320 1536 2388 κε’.
1619 2319 1791 2389 ἔστιν
1833 2326 1905 2389 δὲ
1947 2326 2058 2390 καί
2094 2322 2135 2409 ἦ
2180 2318 2453 2419 διανομὴ
2495 2323 2623 2410 τῶν
2666 2317 2739 2386 π’.
2764 2337 2857 2400 „2⁰

638 2427 762 2491 τῶν
801 2422 1019 2511 ὄψικρ.
1063 2426 1182 2489 τοῦ
1223 2425 1558 2511 πατρικίου
1603 2430 1636 2463 ⁴*
1678 2430 1709 2462 ⁴*
1752 2429 1786 2463 ¹*

635 2687 769 2739 item
815 2703 967 2740 num.
1015 2706 1078 2756 ις
1134 2689 1447 2760 imperiales
1497 2690 1687 2742 clerici
1728 2686 1884 2741 Phari
1923 2703 2175 2739 nummos
2215 2687 2277 2752 53
2319 2683 2715 2754 hypodiacones
2755 2679 2798 2733 S.

636 2758 879 2826 Sophiae
915 2759 1029 2810 mil.
1058 2762 1121 2827 63
1167 2759 1364 2813 decani
1400 2760 1741 2831 patriarchae
1778 2758 1895 2810 mil.
1927 2759 1991 2826 43
2031 2758 2282 2828 deputati
2317 2756 2434 2808 mil.
2464 2759 2537 2825 33
2573 2750 2796 2807 monachi

638 2829 852 2898 Spudes
906 2829 1020 2880 mil.
1061 2833 1121 2896 83
1179 2830 1438 2884 monachi
1488 2831 1823 2901 Paraspudes
1880 2831 1998 2881 mil.
2045 2830 2110 2893 ὃς
2182 2835 2439 2880 stratores
2491 2824 2796 2896 patriarchae

633 2900 748 2951 mil.
788 2900 849 2966 53
895 2910 1223 2972 anagnostae
1259 2901 1959 2972 duarum‘septimanarum
1993 2917 2139 2952 num.
2187 2917 2231 2963 1,
2267 2900 2384 2952 mil.
2415 2902 2484 2966 63
2526 2897 2721 2968 psaltae
2751 2894 2793 2945 S·

635 2970 707 3022 So
751 2970 878 3023 hiae
914 2988 1062 3023 num.
1109 2990 1165 3037 1,
1202 2974 1321 3027 mil.
1359 2975 1424 3043 ὃς
1504 2972 1928 3044 sceuophylaces
1962 2987 2112 3023 num.
2158 2986 2215 3032 ις
2273 2971 2514 3022 ministri
2551 2965 2793 3019 nau-thecis

633 3043 707 3092 mi
739 3082 754 3097 .
795 3042 858 3110 ἀς
903 3043 1117 3095 ostiarii
1153 3042 1328 3097 sancti
1359 3045 1517 3114 putei
1554 3044 1667 3096 mil.
1708 3046 1774 3111 53
1838 3041 2157 3095 halantades
2198 3040 2316 3091 mil.
2356 3043 2423 3107 33
2486 3033 2793 3109 episcopiam!

630 3112 746 3163 mil.
785 3114 852 3178 53
920 3113 1251 3167 domesticus
1288 3113 1794 3184 hypodiaconorum
1844 3112 1960 3164 mil.
1998 3115 2065 3179 63
2138 3112 2369 3163 ecclesia
2407 3110 2793 3162 Acoemetorum

632 3200 784 3236 num.
825 3186 887 3249 33
933 3185 1163 3238 ecclesia
1199 3186 1423 3238 Domini
1459 3202 1613 3241 num.
1656 3205 1712 3253 ις
1767 3183 1997 3238 ecclesia
2040 3184 2094 3236 S.
2132 3182 2402 3251 Stephani
2438 3185 2499 3235 in
2537 3183 2675 3232 circo
2704 3194 2794 3228 nu-

634 3256 813 3309 mism.
860 3272 876 3304 1
910 3273 923 3321 ;
964 3256 1193 3309 ecclesia
1233 3256 1532 3310 salvatoris
1572 3268 1694 3308 eum
1731 3255 2054 3325 cognomine
2094 3254 2303 3305 Staurii
2339 3269 2487 3304 num.
2534 3254 2589 3315 ιζ
2640 3247 2792 3301 eccie-

631 3326 714 3376 sia
751 3329 1069 3380 monasterii
1111 3327 1388 3383 Basilidae
1424 3345 1572 3379 num.
1619 3346 1671 3395 r;
1711 3327 1942 3380 ecclesia
1978 3326 2031 3377 S.
2071 3321 2337 3393 Stephani
2374 3321 2631 3391 Daphnes
2663 3333 2790 3398 num:

641 3413 698 3463 ¹3
739 3396 967 3467 ecclesia
1000 3398 1053 3455 S.
1092 3398 1268 3467 Sergii
1306 3406 1363 3450 et
1398 3399 1597 3451 Bacchi
1636 3415 1783 3448 num.
1832 3416 1848 3451 1
1879 3414 1894 3463 3
1941 3396 2169 3449 ecclesia
2207 3394 2528 3446 monasterii
2566 3391 2787 3445 Pelecam

629 3482 686 3523 n.
731 3485 785 3533 ¹3
824 3467 1052 3520 ecclesia
1092 3469 1143 3522 S.
1183 3468 1464 3522 Theodori
1501 3488 1555 3521 n.
1601 3488 1660 3536 ¹3
1699 3469 1929 3521 ecclesia
1965 3468 2017 3519 S.
2055 3465 2316 3521 Callinici
2353 3480 2407 3518 n.
2458 3483 2516 3531 ¹3
2562 3458 2789 3540 diaconia

627 3535 718 3587 vel
778 3536 1101 3592 diaconatus
1160 3547 1257 3593 aut
1307 3540 1676 3593 ministerium
1738 3540 2172 3592 ecclesiasticum
2229 3535 2551 3589 monasterii
2603 3530 2786 3585 Urbini!

627 3624 775 3658 num.
825 3627 877 3673 ις
955 3611 1210 3664 diaconia
1249 3612 1301 3664 S.
1340 3612 1509 3665 Mocii
1556 3628 1704 3662 num.
1753 3628 1812 3677 ¹3
1881 3610 2109 3662 eeclesia
2155 3609 2207 3661 S.
2248 3605 2531 3659 Pancharii
2578 3620 2714 3655 num.
2750 3617 2783 3652 1·

627 3677 811 3731 Habes
853 3683 1183 3734 numismata
1221 3683 1400 3735 solida
1442 3682 1509 3750 24
1533 3720 1548 3745 ‚
1589 3691 1648 3735 et
1681 3682 1790 3735 alia
1828 3682 1860 3734 5
1898 3699 1929 3734 e
1964 3679 2280 3733 miliaresiis
2318 3675 2638 3747 computatis
2674 3686 2786 3724 con·

627 3748 774 3802 fecta
811 3768 918 3802 una
956 3769 1076 3804 cum
1110 3753 1223 3804 mit.
1265 3756 1316 3806 8.
1390 3756 1452 3806 In
1487 3770 1697 3806 summa
1740 3766 1889 3805 num.
1928 3771 2015 3823 29,
2054 3752 2171 3804 mil.
2214 3754 2264 3804 8.
2336 3750 2483 3801 Haec
2519 3761 2715 3798 summa
2744 3740 2783 3794 si

625 3822 1086 3889 praecedentibus
1122 3824 1375 3885 addatur,
1416 3833 1658 3894 emerget
1685 3841 2045 3894 expensarum
2079 3837 2365 3877 numerus:
2413 3820 2573 3871 littae
2612 3817 2659 3877 5,
2689 3830 2780 3863 Μ’

625 3893 808 3949 misul.
842 3893 930 3963 47.
1001 3896 1077 3948 Ut
1118 3896 1255 3949 adeo
1303 3896 1376 3965 ad
1429 3896 1781 3965 complendas
1837 3913 1931 3947 sex
1979 3895 2138 3948 litras
2194 3891 2470 3961 supersint
2516 3886 2684 3941 adhuc
2724 3880 2779 3936 25

629 3963 882 4022 numism,
926 3962 1088 4036 [quae
1123 3966 1379 4020 videntur
1415 3967 1743 4037 praepositis
1782 3966 2041 4031 cessisse3
2096 3972 2161 4016 ut
2197 3965 2361 4016 etiam
2386 4000 2401 4023 ,
2437 3975 2577 4032 quae
2613 3959 2667 4007 in
2700 3970 2785 4006 su-

621 4036 941 4102 perioribus
996 4040 1266 4107 computis
1324 4037 1710 4091 desiderantur
1756 4036 1827 4089 ad
1865 4035 2217 4106 complendas
2267 4050 2499 4085 summas
2537 4036 2684 4104 octo,
2735 4027 2781 4073 tt

630 4103 890 4174 deinceps
946 4116 1154 4175 septem
1205 4108 1499 4181 litrarum].
1571 4110 1773 4162 Fiebat
1809 4115 1993 4161 autem
2031 4104 2355 4161 distributio
2394 4102 2659 4171 octoginta
2692 4109 2780 4148 11⁰⁴

626 4176 938 4230 mismatum
982 4180 1374 4252 obsequiorum
1416 4181 1639 4251 patricii
1679 4180 1891 4235 sien*
