3050 4900
517 315 680 378 Lxu
987 314 1096 377 Ex
1156 312 1695 379 ADVERSARIIS
1746 313 2224 382 LEICIIIANIS.

513 552 582 588 nx
613 550 797 590 mnu
831 550 1173 591 munuum
1212 552 1281 589 nx
1329 549 1452 589 vin
1500 551 1848 590 consumti
1894 554 1960 590 ιι·
1987 554 2092 592 noc
2123 554 2318 592 conten
2355 552 2698 590 cannosum

1282 637 1655 678 commonitu
1681 640 1951 688 Quum-ut·

516 755 961 869 Constantini
982 804 1373 890 Porphyrog.
1408 817 1618 889 neptes
1672 828 1742 868 ex
1782 808 2058 869 Romano
2099 806 2226 867 filio
2266 816 2327 869 et
2357 826 2565 868 earum
2609 826 2702 889 ge-

596 889 837 972 nealog.
884 911 945 953 v.
997 890 1162 973 apud
1200 889 1462 952 Eccard.
1514 889 1594 951 de
1643 900 1960 953 stemmate
2010 882 2357 974 prineipum
2408 891 2702 951 saxoniae

603 996 675 1035 su
719 976 951 1034 erim-is.

517 1058 576 1119 N
578 1079 659 1119 on
676 996 975 1118 {cnvenit
1006 1077 1147 1116 cum
1176 1056 1430 1116 caeteris
1469 1056 1819 1118 auctoribus
1853 1056 2023 1119 locus
2071 1057 2359 1119 Chmnici
2400 1054 2698 1118 Vultum.

600 1144 666 1201 in
701 1140 883 1200 rebus
918 1139 1301 1200 Constantini
1333 1161 1400 1220 p.
1424 1139 1569 1200 333.

485 1218 499 1233 ’
518 1225 591 1285 Ιιι
623 1223 831 1285 codice
874 1221 956 1281 N.
993 1223 1074 1282 Τ.
1118 1220 1581 1285 membranaceo
1636 1222 1976 1285 Basileense
2007 1224 2276 1284 occurrit
2313 1223 2698 1284 Constantini

600 1306 909 1389 Porphyr.
955 1316 1017 1366 et
1072 1307 1298 1367 Leonis
1353 1302 1579 1388 effigies
1631 1328 1775 1367 enm
1843 1305 2078 1388 aliquot
2121 1308 2368 1367 Graecis
2410 1307 2705 1367 versibus.

598 1389 908 1451 Wetsten.
948 1387 1192 1471 Proleg.
1234 1386 1315 1448 ad
1366 1388 1451 1449 N.
1494 1389 1578 1451 T.
1611 1411 1680 1473 p.
1720 1388 1824 1452 55.
1909 1389 2092 1451 Conf.
2117 1389 2429 1452 Theodor.
2471 1389 2705 1450 studit.

518 1470 1698 1657 Sugsggotigdipsiiffrgndglympiodofi
1740 1554 1902 1617 Bibl.
1950 1556 2166 1620 Venet.
2228 1572 2293 1638 p.
2341 1576 2404 1616 α.
2457 1551 2568 1615 ἔπι
2597 1552 2713 1633 τῆς

595 1577 1100 1739 θεοσυνεργήτου
1138 1636 1468 1716 βασιλείας
1497 1639 1773 1710 Λέοντος
1811 1635 1924 1698 καί
1925 1634 2367 1743 Ἀλεξάνδρου
2416 1659 2543 1699 των
2596 1631 2711 1716 ὄρ-

602 1714 889 1796 θοδόξων
939 1741 1045 1782 και
1099 1719 1536 1804 φιλοχρίστων
1565 1721 1887 1800 βασιλέων
1925 1717 2292 1799 “Ρωμαι’ων.
2370 1721 2541 1804 Ergo
2583 1720 2709 1780 Leo

605 1814 668 1865 et
698 1803 1044 1865 Alexander
1074 1802 1154 1864 A.
1173 1802 1317 1888 905.
1352 1806 1724 1865 coniunctim
1760 1804 2153 1869 habuerunt·
2137 1805 2479 1887 imperium.

392 1860 397 1871 ι
517 1889 616 1951 De
660 1888 1005 1949 cerimoniis
1033 1889 1099 1947 in
1130 1906 1350 1970 genere
1400 1908 1467 1949 v.
1515 1889 1684 1951 Mus.
1726 1886 1918 1949 Italic.
1953 1889 2035 1948 Τ.
2061 1889 2150 1948 11.
2182 1910 2244 1971 p.
2267 1885 2407 1966 584.

520 1971 725 2034 Maius
751 1972 818 2031 in
851 1971 1175 2032 observat.
1208 1969 1286 2029 ad
1309 1968 1394 2030 N.
1427 1970 1503 2033 T.
1541 1968 1841 2051 quaedam
1871 1969 2056 2032 habet
2096 1992 2167 2032 ex
2210 1972 2527 2032 Constant.
2548 1969 2638 2029 Im

605 2051 1021 2114 Cerimoniali.
1107 2052 1257 2112 Vid.
1291 2050 1452 2113 Bibl.
1488 2052 1863 2113 Uffenbach.
1907 2052 2153 2135 p.538
2183 2064 2245 2115 et
2295 2053 2372 2114 de
2421 2055 2551 2115 eius
2581 1990 2715 2113 mii-

603 2136 773 2198 tione
817 2136 1084 2197 Histoire
1126 2135 1278 2195 Criti
1368 2155 1403 2194 e
1443 2135 1522 2197 de
1568 2134 1631 2198 la
1676 2136 2039 2221 republique
2094 2136 2202 2199 des
2230 2136 2440 2199 lettres
2482 2137 2558 2199 T.
2596 2135 2719 2196 x1.

605 2241 666 2300 p.
694 2220 836 2282 333.
877 2220 958 2281 Τ.
977 2220 1164 2281 XIII.
1145 2240 1262 2363 .Β.
1245 2155 1428 2296 A&

516 2302 724 2364 Codex
766 2303 1150 2365 Constantini
1238 2300 1414 2383 orph.
1451 2302 1783 2384 Lipsiensis
1834 2302 2048 2365 similis
2084 2315 2176 2365 est
2215 2302 2529 2386 specimini
2580 2312 2714 2359 sae-

598 2384 729 2448 cu}
760 2388 844 2452 X.
870 2386 1105 2471 ,quod
1148 2388 1214 2447 in
1259 2382 1452 2448 Catal.
1500 2386 1732 2453 MStor.
1782 2388 2003 2450 Graec.
2049 2386 2211 2450 Bibl.
2252 2388 2525 2449 Venetae
2566 2403 2627 2466 p.
2650 2381 2715 2444 3.

522 2432 1000 2615 Coffiffioemil’tgu
1008 2555 1339 2616 litanorum
1380 2533 1831 2636 Imperatorum
1867 2574 2068 2615 mores
2108 2563 2169 2614 et
2224 2551 2523 2613 institutio
2573 2556 2719 2609 sunt

604 2638 671 2697 in
712 2637 862 2701 bibl.
963 2639 1274 2720 mbroS.p
1280 2635 1472 2716 4.85.
1519 2636 1861 2697 Montfauc.
1917 2635 2079 2697 Bibl.
2128 2637 2518 2714 Mammenp
2525 2630 2713 2693 ..623

522 2718 778 2783 Codices
814 2722 893 2784 de
941 2720 1163 2786 officiis
1194 2660 1368 2784 aulae
1393 2721 1688 2803 Imperat.
1730 2717 1923 2783 Catal.
1949 2719 2113 2781 Bibl.
2155 2720 2373 2784 Venet.
2413 2717 2481 2779 S.
2476 2654 2717 2778 pMarci

606 2824 670 2887 p.
711 2802 847 2868 105.
