<?xml version="1.0" encoding="UTF-8"?>
<!DOCTYPE html PUBLIC "-//W3C//DTD XHTML 1.0 Transitional//EN"
    "http://www.w3.org/TR/xhtml1/DTD/xhtml1-transitional.dtd">
<html xmlns="http://www.w3.org/1999/xhtml" xml:lang="en" lang="en">
 <head>
  <title>
</title>
<meta http-equiv="Content-Type" content="text/html;charset=utf-8" />
  <meta name='ocr-system' content='tesseract 3.04.00' />
  <meta name='ocr-capabilities' content='ocr_page ocr_carea ocr_par ocr_line ocrx_word'/>
</head>
<body>
  <div class='ocr_page' id='page_1' title='image "./corpusscriptoru09unkngoog/corpusscriptoru09unkngoog_0034.png"; bbox 0 0 3050 4900; ppageno 0'>
   <div class='ocr_carea' id='block_1_1' title="bbox 30 2461 49 3706">
    <p class='ocr_par' dir='ltr' id='par_1_1' title="bbox 30 2461 49 3706">
     <span class='ocr_line' id='line_1_1' title="bbox 30 2461 49 3706; textangle 90"><span class='ocrx_word' id='word_1_1' title='bbox 30 3301 47 3706; x_wconf 47' lang='lat' dir='ltr'><strong>ffl„ir.—-—*</strong></span> <span class='ocrx_word' id='word_1_2' title='bbox 30 3041 49 3284; x_wconf 52' lang='lat' dir='ltr'><strong>-fl—</strong></span> <span class='ocrx_word' id='word_1_3' title='bbox 30 3017 31 3026; x_wconf 50' lang='lat'><em>⁴</em></span> <span class='ocrx_word' id='word_1_4' title='bbox 30 2461 37 2998; x_wconf 37' lang='lat' dir='ltr'><strong>*‘—--··—·-—-—-k</strong></span> 
     </span>
    </p>
   </div>
   <div class='ocr_carea' id='block_1_2' title="bbox 1119 275 2517 356">
    <p class='ocr_par' dir='ltr' id='par_1_2' title="bbox 1119 275 2517 356">
     <span class='ocr_line' id='line_1_2' title="bbox 1119 275 2517 356; baseline 0.01 -14"><span class='ocrx_word' id='word_1_5' title='bbox 1119 275 1729 347; x_wconf 68' lang='lat' dir='ltr'><strong>ramulum</strong></span> <span class='ocrx_word' id='word_1_6' title='bbox 2311 293 2517 356; x_wconf 80' lang='lat' dir='ltr'><strong>xxlx</strong></span> 
     </span>
    </p>
   </div>
   <div class='ocr_carea' id='block_1_3' title="bbox 298 428 2525 2022">
    <p class='ocr_par' dir='ltr' id='par_1_3' title="bbox 298 428 2525 1822">
     <span class='ocr_line' id='line_1_3' title="bbox 312 428 2522 525; baseline 0.005 -30"><span class='ocrx_word' id='word_1_7' title='bbox 312 435 378 495; x_wconf 86' lang='lat' dir='ltr'><strong>in</strong></span> <span class='ocrx_word' id='word_1_8' title='bbox 413 440 683 516; x_wconf 70' lang='lat' dir='ltr'><strong>pectore,</strong></span> <span class='ocrx_word' id='word_1_9' title='bbox 728 432 876 493; x_wconf 85' lang='lat' dir='ltr'><strong>eui</strong></span> <span class='ocrx_word' id='word_1_10' title='bbox 866 428 1169 493; x_wconf 77' lang='lat' dir='ltr'><strong>subiacet</strong></span> <span class='ocrx_word' id='word_1_11' title='bbox 1194 430 1455 511; x_wconf 72' lang='lat' dir='ltr'><strong>omanis,</strong></span> <span class='ocrx_word' id='word_1_12' title='bbox 1498 434 1604 496; x_wconf 80' lang='lat' dir='ltr'><strong>vel</strong></span> <span class='ocrx_word' id='word_1_13' title='bbox 1641 434 1873 497; x_wconf 74' lang='lat' dir='ltr'><strong>tunica.</strong></span> <span class='ocrx_word' id='word_1_14' title='bbox 1959 435 2031 499; x_wconf 81' lang='lat' dir='ltr'><strong>ln</strong></span> <span class='ocrx_word' id='word_1_15' title='bbox 2059 438 2262 523; x_wconf 82' lang='lat' dir='ltr'><strong>capite</strong></span> <span class='ocrx_word' id='word_1_16' title='bbox 2300 453 2522 525; x_wconf 73' lang='lat' dir='ltr'><strong>gerunt</strong></span> 
     </span>
     <span class='ocr_line' id='line_1_4' title="bbox 316 531 2523 626; baseline 0.005 -32"><span class='ocrx_word' id='word_1_17' title='bbox 316 533 586 614; x_wconf 67' lang='lat' dir='ltr'><strong>infulam,</strong></span> <span class='ocrx_word' id='word_1_18' title='bbox 631 532 1118 595; x_wconf 64' lang='lat' dir='ltr'><strong>constancium</strong></span> <span class='ocrx_word' id='word_1_19' title='bbox 1157 531 1405 595; x_wconf 85' lang='lat' dir='ltr'><strong>dietam.</strong></span> <span class='ocrx_word' id='word_1_20' title='bbox 1452 534 1798 597; x_wconf 73' lang='lat' dir='ltr'><strong>Eunuchus</strong></span> <span class='ocrx_word' id='word_1_21' title='bbox 1833 539 2103 619; x_wconf 79' lang='lat' dir='ltr'><strong>proxime</strong></span> <span class='ocrx_word' id='word_1_22' title='bbox 2144 540 2523 626; x_wconf 81' lang='lat' dir='ltr'><strong>ablmpera-</strong></span> 
     </span>
     <span class='ocr_line' id='line_1_5' title="bbox 306 632 2519 720; baseline 0.005 -25"><span class='ocrx_word' id='word_1_23' title='bbox 306 633 962 710; x_wconf 68' lang='lat' dir='ltr'><strong>torisdextramm,</strong></span> <span class='ocrx_word' id='word_1_24' title='bbox 1005 632 1618 698; x_wconf 85' lang='lat' dir='ltr'><strong>manibusambabus</strong></span> <span class='ocrx_word' id='word_1_25' title='bbox 1679 638 1913 720; x_wconf 83' lang='lat' dir='ltr'>pectori</span> <span class='ocrx_word' id='word_1_26' title='bbox 1986 637 2350 704; x_wconf 75' lang='lat' dir='ltr'><strong>decussatim</strong></span> <span class='ocrx_word' id='word_1_27' title='bbox 2398 644 2519 704; x_wconf 88' lang='lat' dir='ltr'><strong>im-</strong></span> 
     </span>
     <span class='ocr_line' id='line_1_6' title="bbox 314 732 2523 825; baseline 0.004 -29"><span class='ocrx_word' id='word_1_28' title='bbox 314 734 550 815; x_wconf 56' lang='lat' dir='ltr'><strong>pontis,</strong></span> <span class='ocrx_word' id='word_1_29' title='bbox 590 751 785 816; x_wconf 67' lang='lat' dir='ltr'><strong>quen</strong></span> <span class='ocrx_word' id='word_1_30' title='bbox 814 752 1062 796; x_wconf 86' lang='lat' dir='ltr'><strong>morem</strong></span> <span class='ocrx_word' id='word_1_31' title='bbox 1090 732 1227 795; x_wconf 80' lang='lat' dir='ltr'><strong>aula</strong></span> <span class='ocrx_word' id='word_1_32' title='bbox 1268 735 1534 796; x_wconf 81' lang='lat' dir='ltr'><strong>Tureica</strong></span> <span class='ocrx_word' id='word_1_33' title='bbox 1568 747 1642 797; x_wconf 88' lang='lat' dir='ltr'><strong>ut</strong></span> <span class='ocrx_word' id='word_1_34' title='bbox 1684 735 1913 799; x_wconf 89' lang='lat' dir='ltr'><strong>multos</strong></span> <span class='ocrx_word' id='word_1_35' title='bbox 1947 736 2100 800; x_wconf 84' lang='lat' dir='ltr'><strong>alios</strong></span> <span class='ocrx_word' id='word_1_36' title='bbox 2119 761 2153 801; x_wconf 93' lang='lat' dir='ltr'><strong>e</strong></span> <span class='ocrx_word' id='word_1_37' title='bbox 2187 743 2523 825; x_wconf 77' lang='lat' dir='ltr'><strong>Byzantina</strong></span> 
     </span>
     <span class='ocr_line' id='line_1_7' title="bbox 302 834 2525 917; baseline 0.004 -21"><span class='ocrx_word' id='word_1_38' title='bbox 302 837 603 911; x_wconf 75' lang='lat' dir='ltr'>retinuit,</span> <span class='ocrx_word' id='word_1_39' title='bbox 642 845 716 895; x_wconf 79' lang='lat' dir='ltr'><strong>ut</strong></span> <span class='ocrx_word' id='word_1_40' title='bbox 748 834 1092 917; x_wconf 75' lang='lat' dir='ltr'><strong>Byzantina</strong></span> <span class='ocrx_word' id='word_1_41' title='bbox 1138 854 1209 895; x_wconf 85' lang='lat' dir='ltr'><strong>ex</strong></span> <span class='ocrx_word' id='word_1_42' title='bbox 1244 844 1524 896; x_wconf 81' lang='lat' dir='ltr'><strong>veterum</strong></span> <span class='ocrx_word' id='word_1_43' title='bbox 1577 835 1909 899; x_wconf 77' lang='lat' dir='ltr'>Persarum</span> <span class='ocrx_word' id='word_1_44' title='bbox 1933 882 1955 916; x_wconf 90' lang='lat'>‚</span> <span class='ocrx_word' id='word_1_45' title='bbox 2018 849 2110 900; x_wconf 85' lang='lat' dir='ltr'><strong>est</strong></span> <span class='ocrx_word' id='word_1_46' title='bbox 2146 839 2525 905; x_wconf 73' lang='lat' dir='ltr'><strong>Prohedrue</strong></span> 
     </span>
     <span class='ocr_line' id='line_1_8' title="bbox 312 934 2523 1021; baseline 0.003 -24"><span class='ocrx_word' id='word_1_47' title='bbox 312 948 376 997; x_wconf 81' lang='lat' dir='ltr'><strong>et</strong></span> <span class='ocrx_word' id='word_1_48' title='bbox 412 934 985 998; x_wconf 64' lang='lat' dir='ltr'><strong>stotoveniarius.</strong></span> <span class='ocrx_word' id='word_1_49' title='bbox 1081 934 1338 996; x_wconf 85' lang='lat' dir='ltr'><strong>Indutns</strong></span> <span class='ocrx_word' id='word_1_50' title='bbox 1383 946 1473 996; x_wconf 85' lang='lat' dir='ltr'><strong>est</strong></span> <span class='ocrx_word' id='word_1_51' title='bbox 1507 937 1893 1013; x_wconf 74' lang='lat' dir='ltr'><strong>vestimento,</strong></span> <span class='ocrx_word' id='word_1_52' title='bbox 1935 939 2101 1021; x_wconf 86' lang='lat' dir='ltr'><strong>quod</strong></span> <span class='ocrx_word' id='word_1_53' title='bbox 2136 950 2347 1002; x_wconf 82' lang='lat' dir='ltr'><strong>nostro</strong></span> <span class='ocrx_word' id='word_1_54' title='bbox 2376 944 2523 1003; x_wconf 68' lang='grc' dir='ltr'><strong>λευ-</strong></span> 
     </span>
     <span class='ocr_line' id='line_1_9' title="bbox 316 1032 2525 1123; baseline 0.004 -28"><span class='ocrx_word' id='word_1_55' title='bbox 316 1032 638 1106; x_wconf 73' lang='grc' dir='ltr'><strong>κολὲοηες</strong></span> <span class='ocrx_word' id='word_1_56' title='bbox 664 1034 943 1096; x_wconf 77' lang='lat' dir='ltr'><strong>candidi</strong></span> <span class='ocrx_word' id='word_1_57' title='bbox 975 1034 1191 1096; x_wconf 76' lang='lat' dir='ltr'><strong>leones</strong></span> <span class='ocrx_word' id='word_1_58' title='bbox 1236 1034 1612 1119; x_wconf 82' lang='lat' dir='ltr'><strong>appellatur.</strong></span> <span class='ocrx_word' id='word_1_59' title='bbox 1656 1036 1903 1099; x_wconf 80' lang='lat' dir='ltr'><strong>Fuisset</strong></span> <span class='ocrx_word' id='word_1_60' title='bbox 1942 1038 2173 1123; x_wconf 83' lang='lat' dir='ltr'><strong>absque</strong></span> <span class='ocrx_word' id='word_1_61' title='bbox 2206 1040 2325 1102; x_wconf 84' lang='lat' dir='ltr'><strong>bae</strong></span> <span class='ocrx_word' id='word_1_62' title='bbox 2366 1043 2525 1103; x_wconf 85' lang='lat' dir='ltr'><strong>ima·-</strong></span> 
     </span>
     <span class='ocr_line' id='line_1_10' title="bbox 312 1134 2519 1223; baseline 0.005 -30"><span class='ocrx_word' id='word_1_63' title='bbox 312 1137 489 1217; x_wconf 83' lang='lat' dir='ltr'><strong>gine,</strong></span> <span class='ocrx_word' id='word_1_64' title='bbox 530 1155 845 1217; x_wconf 86' lang='lat' dir='ltr'><strong>nunquam</strong></span> <span class='ocrx_word' id='word_1_65' title='bbox 872 1138 1192 1217; x_wconf 85' lang='lat' dir='ltr'><strong>perspicue</strong></span> <span class='ocrx_word' id='word_1_66' title='bbox 1209 1134 1666 1215; x_wconf 79' lang='lat' dir='ltr'><strong>intellexissem,</strong></span> <span class='ocrx_word' id='word_1_67' title='bbox 1710 1136 1892 1219; x_wconf 90' lang='lat' dir='ltr'><strong>quale</strong></span> <span class='ocrx_word' id='word_1_68' title='bbox 1928 1141 2113 1201; x_wconf 76' lang='lat' dir='ltr'><strong>vestis</strong></span> <span class='ocrx_word' id='word_1_69' title='bbox 2142 1161 2332 1223; x_wconf 74' lang='lat' dir='ltr'><strong>genus</strong></span> <span class='ocrx_word' id='word_1_70' title='bbox 2358 1160 2519 1204; x_wconf 78' lang='lat' dir='ltr'><strong>can-</strong></span> 
     </span>
     <span class='ocr_line' id='line_1_11' title="bbox 308 1234 2519 1326; baseline 0.004 -31"><span class='ocrx_word' id='word_1_71' title='bbox 308 1234 460 1295; x_wconf 75' lang='lat' dir='ltr'><strong>didi</strong></span> <span class='ocrx_word' id='word_1_72' title='bbox 488 1234 710 1297; x_wconf 70' lang='lat' dir='ltr'><strong>leones</strong></span> <span class='ocrx_word' id='word_1_73' title='bbox 748 1236 999 1297; x_wconf 85' lang='lat' dir='ltr'><strong>fuerint.</strong></span> <span class='ocrx_word' id='word_1_74' title='bbox 1084 1234 1328 1297; x_wconf 83' lang='lat' dir='ltr'><strong>Scilicet</strong></span> <span class='ocrx_word' id='word_1_75' title='bbox 1356 1237 1423 1297; x_wconf 89' lang='lat' dir='ltr'><strong>in</strong></span> <span class='ocrx_word' id='word_1_76' title='bbox 1458 1257 1531 1298; x_wconf 89' lang='lat' dir='ltr'><strong>ea</strong></span> <span class='ocrx_word' id='word_1_77' title='bbox 1563 1239 1693 1298; x_wconf 89' lang='lat' dir='ltr'><strong>eius</strong></span> <span class='ocrx_word' id='word_1_78' title='bbox 1733 1249 1947 1320; x_wconf 88' lang='lat' dir='ltr'><strong>parte,</strong></span> <span class='ocrx_word' id='word_1_79' title='bbox 1992 1259 2153 1322; x_wconf 86' lang='lat' dir='ltr'><strong>quae</strong></span> <span class='ocrx_word' id='word_1_80' title='bbox 2200 1262 2238 1303; x_wconf 92' lang='lat' dir='ltr'><strong>a</strong></span> <span class='ocrx_word' id='word_1_81' title='bbox 2271 1241 2519 1326; x_wconf 79' lang='lat' dir='ltr'><strong>cingulo</strong></span> 
     </span>
     <span class='ocr_line' id='line_1_12' title="bbox 305 1333 2516 1418; baseline 0.004 -23"><span class='ocrx_word' id='word_1_82' title='bbox 305 1335 449 1395; x_wconf 87' lang='lat' dir='ltr'><strong>inde</strong></span> <span class='ocrx_word' id='word_1_83' title='bbox 488 1356 695 1417; x_wconf 85' lang='lat' dir='ltr'><strong>usque</strong></span> <span class='ocrx_word' id='word_1_84' title='bbox 727 1335 809 1396; x_wconf 90' lang='lat' dir='ltr'><strong>ad</strong></span> <span class='ocrx_word' id='word_1_85' title='bbox 844 1334 1031 1418; x_wconf 84' lang='lat' dir='ltr'><strong>pedes</strong></span> <span class='ocrx_word' id='word_1_86' title='bbox 1070 1333 1370 1415; x_wconf 84' lang='lat' dir='ltr'><strong>decurrit,</strong></span> <span class='ocrx_word' id='word_1_87' title='bbox 1419 1338 1630 1398; x_wconf 86' lang='lat' dir='ltr'><strong>intexti</strong></span> <span class='ocrx_word' id='word_1_88' title='bbox 1666 1350 1841 1399; x_wconf 84' lang='lat' dir='ltr'><strong>erant</strong></span> <span class='ocrx_word' id='word_1_89' title='bbox 1874 1337 2081 1402; x_wconf 89' lang='lat' dir='ltr'><strong>leones</strong></span> <span class='ocrx_word' id='word_1_90' title='bbox 2119 1344 2185 1402; x_wconf 89' lang='lat' dir='ltr'><strong>in</strong></span> <span class='ocrx_word' id='word_1_91' title='bbox 2225 1362 2368 1403; x_wconf 87' lang='lat' dir='ltr'><strong>aera</strong></span> <span class='ocrx_word' id='word_1_92' title='bbox 2410 1364 2516 1404; x_wconf 90' lang='lat' dir='ltr'><strong>ro-</strong></span> 
     </span>
     <span class='ocr_line' id='line_1_13' title="bbox 298 1434 2511 1519; baseline 0.005 -25"><span class='ocrx_word' id='word_1_93' title='bbox 298 1435 492 1495; x_wconf 85' lang='lat' dir='ltr'><strong>tunda</strong></span> <span class='ocrx_word' id='word_1_94' title='bbox 540 1434 713 1496; x_wconf 87' lang='lat' dir='ltr'><strong>alba.</strong></span> <span class='ocrx_word' id='word_1_95' title='bbox 801 1437 900 1497; x_wconf 89' lang='lat' dir='ltr'><strong>De</strong></span> <span class='ocrx_word' id='word_1_96' title='bbox 933 1435 1339 1519; x_wconf 83' lang='lat' dir='ltr'><strong>appellatione</strong></span> <span class='ocrx_word' id='word_1_97' title='bbox 1382 1437 1634 1498; x_wconf 87' lang='lat' dir='ltr'><strong>honoris</strong></span> <span class='ocrx_word' id='word_1_98' title='bbox 1696 1438 2051 1501; x_wconf 85' lang='lat' dir='ltr'><strong>Prohedrus</strong></span> <span class='ocrx_word' id='word_1_99' title='bbox 2095 1441 2357 1504; x_wconf 84' lang='lat' dir='ltr'><strong>observo</strong></span> <span class='ocrx_word' id='word_1_100' title='bbox 2405 1443 2511 1505; x_wconf 84' lang='lat' dir='ltr'><strong>hie</strong></span> 
     </span>
     <span class='ocr_line' id='line_1_14' title="bbox 298 1536 2515 1622; baseline 0.005 -27"><span class='ocrx_word' id='word_1_101' title='bbox 298 1538 371 1595; x_wconf 93' lang='lat' dir='ltr'><strong>in</strong></span> <span class='ocrx_word' id='word_1_102' title='bbox 395 1537 681 1612; x_wconf 83' lang='lat' dir='ltr'><strong>transitu,</strong></span> <span class='ocrx_word' id='word_1_103' title='bbox 717 1546 999 1618; x_wconf 85' lang='lat' dir='ltr'><strong>tempore</strong></span> <span class='ocrx_word' id='word_1_104' title='bbox 1036 1536 1094 1598; x_wconf 90' lang='lat' dir='ltr'>N</span> <span class='ocrx_word' id='word_1_105' title='bbox 1099 1537 1373 1621; x_wconf 87' lang='lat' dir='ltr'><strong>icephori</strong></span> <span class='ocrx_word' id='word_1_106' title='bbox 1406 1538 1766 1599; x_wconf 88' lang='lat' dir='ltr'><strong>Botoniatae</strong></span> <span class='ocrx_word' id='word_1_107' title='bbox 1806 1549 1868 1599; x_wconf 88' lang='lat' dir='ltr'><strong>et</strong></span> <span class='ocrx_word' id='word_1_108' title='bbox 1904 1542 2340 1622; x_wconf 82' lang='lat' dir='ltr'><strong>posterioribus</strong></span> <span class='ocrx_word' id='word_1_109' title='bbox 2376 1564 2515 1605; x_wconf 86' lang='lat' dir='ltr'><strong>eam</strong></span> 
     </span>
     <span class='ocr_line' id='line_1_15' title="bbox 302 1636 2507 1724; baseline 0.003 -28"><span class='ocrx_word' id='word_1_110' title='bbox 302 1636 593 1697; x_wconf 82' lang='lat' dir='ltr'><strong>omnibus</strong></span> <span class='ocrx_word' id='word_1_111' title='bbox 618 1639 871 1697; x_wconf 86' lang='lat' dir='ltr'><strong>maioris</strong></span> <span class='ocrx_word' id='word_1_112' title='bbox 888 1636 1124 1698; x_wconf 79' lang='lat' dir='ltr'><strong>ordinis</strong></span> <span class='ocrx_word' id='word_1_113' title='bbox 1142 1639 1499 1721; x_wconf 83' lang='lat' dir='ltr'><strong>proceribus</strong></span> <span class='ocrx_word' id='word_1_114' title='bbox 1528 1659 1913 1701; x_wconf 85' lang='lat' dir='ltr'><strong>communem</strong></span> <span class='ocrx_word' id='word_1_115' title='bbox 1936 1638 2141 1701; x_wconf 88' lang='lat' dir='ltr'><strong>fuisse.</strong></span> <span class='ocrx_word' id='word_1_116' title='bbox 2200 1642 2507 1724; x_wconf 87' lang='lat' dir='ltr'><strong>Tempore</strong></span> 
     </span>
     <span class='ocr_line' id='line_1_16' title="bbox 312 1735 2502 1822; baseline 0.003 -26"><span class='ocrx_word' id='word_1_117' title='bbox 312 1735 690 1797; x_wconf 82' lang='lat' dir='ltr'><strong>Constantini</strong></span> <span class='ocrx_word' id='word_1_118' title='bbox 722 1738 923 1797; x_wconf 78' lang='lat' dir='ltr'><strong>nostri</strong></span> <span class='ocrx_word' id='word_1_119' title='bbox 953 1757 1077 1798; x_wconf 91' lang='lat' dir='ltr'><strong>non</strong></span> <span class='ocrx_word' id='word_1_120' title='bbox 1100 1749 1251 1798; x_wconf 84' lang='lat' dir='ltr'><strong>erat.</strong></span> <span class='ocrx_word' id='word_1_121' title='bbox 1334 1739 1596 1820; x_wconf 77' lang='lat' dir='ltr'><strong>Insignis</strong></span> <span class='ocrx_word' id='word_1_122' title='bbox 1631 1739 1889 1799; x_wconf 79' lang='lat' dir='ltr'><strong>mutatio</strong></span> <span class='ocrx_word' id='word_1_123' title='bbox 1925 1737 2166 1800; x_wconf 77' lang='lat' dir='ltr'><strong>tantillo</strong></span> <span class='ocrx_word' id='word_1_124' title='bbox 2202 1751 2502 1822; x_wconf 89' lang='lat' dir='ltr'><strong>tempore.</strong></span> 
     </span>
    </p>

    <p class='ocr_par' dir='ltr' id='par_1_4' title="bbox 302 1836 2505 2022">
     <span class='ocr_line' id='line_1_17' title="bbox 476 1836 2505 1919; baseline 0.005 -24"><span class='ocrx_word' id='word_1_125' title='bbox 476 1836 823 1916; x_wconf 75' lang='lat' dir='ltr'><strong>Pmeteoea,</strong></span> <span class='ocrx_word' id='word_1_126' title='bbox 865 1858 1062 1919; x_wconf 86' lang='lat' dir='ltr'><strong>quum</strong></span> <span class='ocrx_word' id='word_1_127' title='bbox 1102 1848 1164 1898; x_wconf 87' lang='lat' dir='ltr'><strong>et</strong></span> <span class='ocrx_word' id='word_1_128' title='bbox 1204 1836 1284 1905; x_wconf 85' lang='lat' dir='ltr'><strong>el.</strong></span> <span class='ocrx_word' id='word_1_129' title='bbox 1322 1836 1565 1899; x_wconf 76' lang='lat' dir='ltr'><strong>menn</strong></span> <span class='ocrx_word' id='word_1_130' title='bbox 1602 1836 1945 1901; x_wconf 84' lang='lat' dir='ltr'><strong>dissertatio</strong></span> <span class='ocrx_word' id='word_1_131' title='bbox 1981 1838 2059 1901; x_wconf 92' lang='lat' dir='ltr'><strong>de</strong></span> <span class='ocrx_word' id='word_1_132' title='bbox 2101 1841 2232 1902; x_wconf 86' lang='lat' dir='ltr'><strong>vita</strong></span> <span class='ocrx_word' id='word_1_133' title='bbox 2282 1852 2344 1901; x_wconf 88' lang='lat' dir='ltr'><strong>et</strong></span> <span class='ocrx_word' id='word_1_134' title='bbox 2405 1863 2505 1905; x_wconf 89' lang='lat' dir='ltr'><strong>re-</strong></span> 
     </span>
     <span class='ocr_line' id='line_1_18' title="bbox 302 1935 2505 2022; baseline 0.003 -25"><span class='ocrx_word' id='word_1_135' title='bbox 302 1935 419 1996; x_wconf 83' lang='lat' dir='ltr'><strong>bus</strong></span> <span class='ocrx_word' id='word_1_136' title='bbox 463 1940 651 2018; x_wconf 75' lang='lat' dir='ltr'><strong>gestis</strong></span> <span class='ocrx_word' id='word_1_137' title='bbox 702 1937 1093 1999; x_wconf 81' lang='lat' dir='ltr'><strong>Constantini</strong></span> <span class='ocrx_word' id='word_1_138' title='bbox 1142 1942 1569 1999; x_wconf 76' lang='lat' dir='ltr'><strong>ornamentum</strong></span> <span class='ocrx_word' id='word_1_139' title='bbox 1624 1938 1876 2020; x_wconf 82' lang='lat' dir='ltr'><strong>aliquod</strong></span> <span class='ocrx_word' id='word_1_140' title='bbox 1943 1960 2084 2000; x_wconf 85' lang='lat' dir='ltr'><strong>aere</strong></span> <span class='ocrx_word' id='word_1_141' title='bbox 2156 1962 2505 2022; x_wconf 84' lang='lat' dir='ltr'><strong>expressum</strong></span> 
     </span>
    </p>
   </div>
   <div class='ocr_carea' id='block_1_4' title="bbox 292 2034 2642 2224">
    <p class='ocr_par' dir='ltr' id='par_1_5' title="bbox 292 2034 2642 2226">
     <span class='ocr_line' id='line_1_19' title="bbox 292 2034 2642 2125; baseline 0.003 -27"><span class='ocrx_word' id='word_1_142' title='bbox 292 2034 618 2118; x_wconf 76' lang='lat' dir='ltr'><strong>flagitaret,</strong></span> <span class='ocrx_word' id='word_1_143' title='bbox 664 2038 918 2121; x_wconf 80' lang='lat' dir='ltr'><strong>praefixi</strong></span> <span class='ocrx_word' id='word_1_144' title='bbox 965 2036 1059 2101; x_wconf 88' lang='lat' dir='ltr'><strong>illi</strong></span> <span class='ocrx_word' id='word_1_145' title='bbox 1095 2037 1319 2120; x_wconf 78' lang='lat' dir='ltr'><strong>effigies</strong></span> <span class='ocrx_word' id='word_1_146' title='bbox 1357 2037 1592 2121; x_wconf 77' lang='lat' dir='ltr'><strong>aliquot</strong></span> <span class='ocrx_word' id='word_1_147' title='bbox 1626 2059 1957 2103; x_wconf 80' lang='lat' dir='ltr'><strong>numerum</strong></span> <span class='ocrx_word' id='word_1_148' title='bbox 2002 2062 2037 2101; x_wconf 91' lang='lat' dir='ltr'><strong>e</strong></span> <span class='ocrx_word' id='word_1_149' title='bbox 2065 2041 2498 2125; x_wconf 82' lang='lat' dir='ltr'><strong>gazophylacio</strong></span> <span class='ocrx_word' id='word_1_150' title='bbox 2565 2050 2608 2087; x_wconf 49' lang='grc' dir='ltr'><strong>ν’</strong></span> <span class='ocrx_word' id='word_1_151' title='bbox 2637 2062 2642 2071; x_wconf 90' lang='grc'><em>·</em></span> 
     </span>
     <span class='ocr_line' id='line_1_20' title="bbox 294 2135 2622 2224; baseline 0.003 -27"><span class='ocrx_word' id='word_1_152' title='bbox 294 2135 682 2218; x_wconf 66' lang='lat' dir='ltr'><strong>Amplissimi</strong></span> <span class='ocrx_word' id='word_1_153' title='bbox 715 2138 976 2199; x_wconf 87' lang='lat' dir='ltr'><strong>Senatus</strong></span> <span class='ocrx_word' id='word_1_154' title='bbox 1013 2138 1344 2220; x_wconf 83' lang='lat' dir='ltr'><strong>Lipsiensis</strong></span> <span class='ocrx_word' id='word_1_155' title='bbox 1381 2136 1869 2222; x_wconf 86' lang='lat' dir='ltr'><strong>depromtorum‚</strong></span> <span class='ocrx_word' id='word_1_156' title='bbox 1925 2139 2006 2201; x_wconf 89' lang='lat' dir='ltr'><strong>ad</strong></span> <span class='ocrx_word' id='word_1_157' title='bbox 2058 2144 2254 2202; x_wconf 88' lang='lat' dir='ltr'><strong>nostri</strong></span> <span class='ocrx_word' id='word_1_158' title='bbox 2307 2163 2498 2224; x_wconf 83' lang='lat' dir='ltr'><strong>genus</strong></span> <span class='ocrx_word' id='word_1_159' title='bbox 2619 2154 2622 2163; x_wconf 79' lang='lat'>&#39;</span> 
     </span>
    </p>
   </div>
   <div class='ocr_carea' id='block_1_5' title="bbox 291 2238 2496 2406">
    <p class='ocr_par' dir='ltr' id='par_1_6' title="bbox 291 2238 2496 2406">
     <span class='ocr_line' id='line_1_21' title="bbox 291 2238 2495 2325; baseline 0.003 -28"><span class='ocrx_word' id='word_1_160' title='bbox 291 2240 758 2318; x_wconf 80' lang='lat' dir='ltr'><strong>pertinentium.</strong></span> <span class='ocrx_word' id='word_1_161' title='bbox 848 2239 1097 2301; x_wconf 87' lang='lat' dir='ltr'><strong>Primus</strong></span> <span class='ocrx_word' id='word_1_162' title='bbox 1138 2260 1359 2302; x_wconf 89' lang='lat' dir='ltr'><strong>aureus</strong></span> <span class='ocrx_word' id='word_1_163' title='bbox 1390 2238 1632 2301; x_wconf 85' lang='lat' dir='ltr'><strong>exhibet</strong></span> <span class='ocrx_word' id='word_1_164' title='bbox 1664 2240 1955 2303; x_wconf 75' lang='lat' dir='ltr'><strong>Basiliam</strong></span> <span class='ocrx_word' id='word_1_165' title='bbox 1976 2285 1997 2319; x_wconf 88' lang='lat'><strong><em>‚</em></strong></span> <span class='ocrx_word' id='word_1_166' title='bbox 2041 2239 2252 2302; x_wconf 88' lang='lat' dir='ltr'><strong>Nostri</strong></span> <span class='ocrx_word' id='word_1_167' title='bbox 2284 2264 2495 2325; x_wconf 85' lang='lat' dir='ltr'><strong>avum,</strong></span> 
     </span>
     <span class='ocr_line' id='line_1_22' title="bbox 298 2334 2496 2406; baseline 0.005 -10"><span class='ocrx_word' id='word_1_168' title='bbox 298 2334 358 2396; x_wconf 82' lang='lat' dir='ltr'><strong>et</strong></span> <span class='ocrx_word' id='word_1_169' title='bbox 398 2339 531 2398; x_wconf 86' lang='lat' dir='ltr'><strong>eius</strong></span> <span class='ocrx_word' id='word_1_170' title='bbox 577 2338 783 2399; x_wconf 79' lang='lat' dir='ltr'><strong>{ilium</strong></span> <span class='ocrx_word' id='word_1_171' title='bbox 817 2339 1310 2402; x_wconf 87' lang='lat' dir='ltr'><strong>Constantinum.</strong></span> <span class='ocrx_word' id='word_1_172' title='bbox 1409 2339 1692 2401; x_wconf 85' lang='lat' dir='ltr'><strong>Alterum</strong></span> <span class='ocrx_word' id='word_1_173' title='bbox 1737 2362 1988 2402; x_wconf 81' lang='lat' dir='ltr'><strong>aureum</strong></span> <span class='ocrx_word' id='word_1_174' title='bbox 2031 2342 2339 2405; x_wconf 81' lang='lat' dir='ltr'><strong>tribuebat</strong></span> <span class='ocrx_word' id='word_1_175' title='bbox 2375 2344 2496 2406; x_wconf 90' lang='lat' dir='ltr'><strong>Ca-</strong></span> 
     </span>
    </p>
   </div>
   <div class='ocr_carea' id='block_1_6' title="bbox 294 2430 2495 2523">
    <p class='ocr_par' dir='ltr' id='par_1_7' title="bbox 294 2430 2495 2523">
     <span class='ocr_line' id='line_1_23' title="bbox 294 2430 2495 2523; baseline 0.004 -24"><span class='ocrx_word' id='word_1_176' title='bbox 294 2435 535 2521; x_wconf 55' lang='lat' dir='ltr'><strong>alogus</strong></span> <span class='ocrx_word' id='word_1_177' title='bbox 561 2437 802 2501; x_wconf 82' lang='lat' dir='ltr'><strong>laudati</strong></span> <span class='ocrx_word' id='word_1_178' title='bbox 839 2436 1256 2523; x_wconf 82' lang='lat' dir='ltr'><strong>gazophylacii</strong></span> <span class='ocrx_word' id='word_1_179' title='bbox 1293 2461 1330 2500; x_wconf 89' lang='lat' dir='ltr'><strong>a</strong></span> <span class='ocrx_word' id='word_1_180' title='bbox 1365 2437 1448 2502; x_wconf 87' lang='lat' dir='ltr'><strong>cl.</strong></span> <span class='ocrx_word' id='word_1_181' title='bbox 1479 2430 1818 2505; x_wconf 76' lang='lat' dir='ltr'><strong>Waehtero</strong></span> <span class='ocrx_word' id='word_1_182' title='bbox 1834 2484 1854 2519; x_wconf 88' lang='lat'><strong>,</strong></span> <span class='ocrx_word' id='word_1_183' title='bbox 1898 2442 2188 2506; x_wconf 83' lang='lat' dir='ltr'><strong>Glossarii</strong></span> <span class='ocrx_word' id='word_1_184' title='bbox 2226 2442 2495 2507; x_wconf 85' lang='lat' dir='ltr'><strong>celeber-</strong></span> 
     </span>
    </p>
   </div>
   <div class='ocr_carea' id='block_1_7' title="bbox 278 2539 2495 2626">
    <p class='ocr_par' dir='ltr' id='par_1_8' title="bbox 278 2539 2495 2626">
     <span class='ocr_line' id='line_1_24' title="bbox 278 2539 2495 2626; baseline 0.005 -28"><span class='ocrx_word' id='word_1_185' title='bbox 278 2539 451 2600; x_wconf 61' lang='lat' dir='ltr'><strong>rimo</strong></span> <span class='ocrx_word' id='word_1_186' title='bbox 491 2551 786 2619; x_wconf 87' lang='lat' dir='ltr'><strong>auctore,</strong></span> <span class='ocrx_word' id='word_1_187' title='bbox 830 2540 1169 2618; x_wconf 80' lang='lat' dir='ltr'><strong>confectus,</strong></span> <span class='ocrx_word' id='word_1_188' title='bbox 1210 2541 1458 2620; x_wconf 78' lang='lat' dir='ltr'><strong>LeoniS‚</strong></span> <span class='ocrx_word' id='word_1_189' title='bbox 1496 2541 1702 2604; x_wconf 88' lang='lat' dir='ltr'><strong>Basilii</strong></span> <span class='ocrx_word' id='word_1_190' title='bbox 1745 2541 1896 2604; x_wconf 84' lang='lat' dir='ltr'><strong>filio.</strong></span> <span class='ocrx_word' id='word_1_191' title='bbox 1982 2544 2244 2626; x_wconf 87' lang='lat' dir='ltr'><strong>Reperio</strong></span> <span class='ocrx_word' id='word_1_192' title='bbox 2288 2556 2495 2608; x_wconf 78' lang='lat' dir='ltr'><strong>tamen</strong></span> 
     </span>
    </p>
   </div>
   <div class='ocr_carea' id='block_1_8' title="bbox 288 2639 2494 3126">
    <p class='ocr_par' dir='ltr' id='par_1_9' title="bbox 288 2639 2494 3126">
     <span class='ocr_line' id='line_1_25' title="bbox 296 2639 2494 2726; baseline 0.004 -27"><span class='ocrx_word' id='word_1_193' title='bbox 296 2658 437 2699; x_wconf 88' lang='lat' dir='ltr'><strong>eum</strong></span> <span class='ocrx_word' id='word_1_194' title='bbox 466 2640 636 2723; x_wconf 90' lang='lat' dir='ltr'><strong>apud</strong></span> <span class='ocrx_word' id='word_1_195' title='bbox 672 2639 1056 2702; x_wconf 86' lang='lat' dir='ltr'><strong>Bandurium</strong></span> <span class='ocrx_word' id='word_1_196' title='bbox 1121 2644 1281 2703; x_wconf 87' lang='lat' dir='ltr'><strong>inter</strong></span> <span class='ocrx_word' id='word_1_197' title='bbox 1334 2663 1556 2704; x_wconf 86' lang='lat' dir='ltr'><strong>numos</strong></span> <span class='ocrx_word' id='word_1_198' title='bbox 1604 2644 1851 2704; x_wconf 86' lang='lat' dir='ltr'><strong>Ioannis</strong></span> <span class='ocrx_word' id='word_1_199' title='bbox 1879 2641 2252 2726; x_wconf 85' lang='lat' dir='ltr'><strong>Palaeologi.</strong></span> <span class='ocrx_word' id='word_1_200' title='bbox 2336 2646 2494 2707; x_wconf 87' lang='lat' dir='ltr'><strong>Ter-</strong></span> 
     </span>
     <span class='ocr_line' id='line_1_26' title="bbox 296 2739 2494 2824; baseline 0.005 -25"><span class='ocrx_word' id='word_1_201' title='bbox 296 2740 422 2799; x_wconf 85' lang='lat' dir='ltr'><strong>tius</strong></span> <span class='ocrx_word' id='word_1_202' title='bbox 476 2762 696 2802; x_wconf 87' lang='lat' dir='ltr'><strong>aeneus</strong></span> <span class='ocrx_word' id='word_1_203' title='bbox 766 2743 1036 2802; x_wconf 86' lang='lat' dir='ltr'><strong>Leonem</strong></span> <span class='ocrx_word' id='word_1_204' title='bbox 1084 2739 1346 2803; x_wconf 87' lang='lat' dir='ltr'><strong>eundem</strong></span> <span class='ocrx_word' id='word_1_205' title='bbox 1392 2743 1650 2808; x_wconf 84' lang='lat' dir='ltr'><strong>exhibet.</strong></span> <span class='ocrx_word' id='word_1_206' title='bbox 1749 2745 2022 2824; x_wconf 85' lang='lat' dir='ltr'><strong>Quartus</strong></span> <span class='ocrx_word' id='word_1_207' title='bbox 2063 2747 2209 2805; x_wconf 86' lang='lat' dir='ltr'><strong>item</strong></span> <span class='ocrx_word' id='word_1_208' title='bbox 2271 2767 2494 2809; x_wconf 84' lang='lat' dir='ltr'><strong>aeneus</strong></span> 
     </span>
     <span class='ocr_line' id='line_1_27' title="bbox 308 2837 2490 2925; baseline 0.004 -26"><span class='ocrx_word' id='word_1_209' title='bbox 308 2837 769 2902; x_wconf 84' lang='lat' dir='ltr'><strong>Constantinum</strong></span> <span class='ocrx_word' id='word_1_210' title='bbox 809 2853 1115 2922; x_wconf 85' lang='lat' dir='ltr'><strong>nostrum,</strong></span> <span class='ocrx_word' id='word_1_211' title='bbox 1159 2863 1303 2903; x_wconf 86' lang='lat' dir='ltr'><strong>cum</strong></span> <span class='ocrx_word' id='word_1_212' title='bbox 1348 2843 1475 2904; x_wconf 76' lang='grc' dir='ltr'><strong>Ζοέ</strong></span> <span class='ocrx_word' id='word_1_213' title='bbox 1519 2844 1713 2925; x_wconf 89' lang='lat' dir='ltr'><strong>ipsius</strong></span> <span class='ocrx_word' id='word_1_214' title='bbox 1763 2854 1986 2905; x_wconf 88' lang='lat' dir='ltr'><strong>matre.</strong></span> <span class='ocrx_word' id='word_1_215' title='bbox 2079 2845 2281 2906; x_wconf 81' lang='lat' dir='ltr'><strong>Habet</strong></span> <span class='ocrx_word' id='word_1_216' title='bbox 2322 2846 2490 2908; x_wconf 83' lang='lat' dir='ltr'><strong>huuc</strong></span> 
     </span>
     <span class='ocr_line' id='line_1_28' title="bbox 292 2941 2485 3027; baseline 0.005 -31"><span class='ocrx_word' id='word_1_217' title='bbox 292 2958 563 3000; x_wconf 88' lang='lat' dir='ltr'><strong>numum</strong></span> <span class='ocrx_word' id='word_1_218' title='bbox 612 2941 713 3000; x_wconf 79' lang='lat' dir='ltr'><strong>Du</strong></span> <span class='ocrx_word' id='word_1_219' title='bbox 758 2941 1023 3004; x_wconf 64' lang='lat' dir='ltr'><strong>Gnarus</strong></span> <span class='ocrx_word' id='word_1_220' title='bbox 1053 2962 1297 3025; x_wconf 90' lang='lat' dir='ltr'><strong>quoque</strong></span> <span class='ocrx_word' id='word_1_221' title='bbox 1356 2965 1418 3025; x_wconf 88' lang='lat' dir='ltr'><strong>p.</strong></span> <span class='ocrx_word' id='word_1_222' title='bbox 1443 2942 1560 3006; x_wconf 81' lang='lat'><strong>136</strong></span> <span class='ocrx_word' id='word_1_223' title='bbox 1591 2943 1962 3006; x_wconf 83' lang='lat' dir='ltr'><strong>familiarum</strong></span> <span class='ocrx_word' id='word_1_224' title='bbox 1986 2945 2261 3027; x_wconf 83' lang='lat' dir='ltr'><strong>Byzant.‚</strong></span> <span class='ocrx_word' id='word_1_225' title='bbox 2304 2957 2365 3006; x_wconf 89' lang='lat' dir='ltr'><strong>et</strong></span> <span class='ocrx_word' id='word_1_226' title='bbox 2383 2967 2485 3006; x_wconf 90' lang='lat' dir='ltr'><strong>re·</strong></span> 
     </span>
     <span class='ocr_line' id='line_1_29' title="bbox 288 3040 2485 3126; baseline 0.003 -27"><span class='ocrx_word' id='word_1_227' title='bbox 288 3040 417 3100; x_wconf 79' lang='lat' dir='ltr'><strong>fert</strong></span> <span class='ocrx_word' id='word_1_228' title='bbox 454 3040 539 3100; x_wconf 89' lang='lat' dir='ltr'><strong>ad</strong></span> <span class='ocrx_word' id='word_1_229' title='bbox 583 3041 1047 3105; x_wconf 82' lang='lat' dir='ltr'><strong>Constantinum</strong></span> <span class='ocrx_word' id='word_1_230' title='bbox 1075 3046 1374 3105; x_wconf 86' lang='lat' dir='ltr'><strong>iuniorem</strong></span> <span class='ocrx_word' id='word_1_231' title='bbox 1392 3088 1415 3121; x_wconf 87' lang='lat'>‚</span> <span class='ocrx_word' id='word_1_232' title='bbox 1464 3044 1729 3105; x_wconf 80' lang='lat' dir='ltr'><strong>Romani</strong></span> <span class='ocrx_word' id='word_1_233' title='bbox 1779 3043 1998 3120; x_wconf 83' lang='lat' dir='ltr'><strong>filium,</strong></span> <span class='ocrx_word' id='word_1_234' title='bbox 2039 3048 2232 3104; x_wconf 86' lang='lat' dir='ltr'><strong>nostri</strong></span> <span class='ocrx_word' id='word_1_235' title='bbox 2293 3051 2485 3126; x_wconf 79' lang='lat' dir='ltr'><strong>nepo-</strong></span> 
     </span>
    </p>
   </div>
   <div class='ocr_carea' id='block_1_9' title="bbox 272 3140 2490 3225">
    <p class='ocr_par' dir='ltr' id='par_1_10' title="bbox 272 3140 2490 3225">
     <span class='ocr_line' id='line_1_30' title="bbox 272 3140 2490 3225; baseline 0.005 -25"><span class='ocrx_word' id='word_1_236' title='bbox 272 3150 441 3218; x_wconf 70' lang='lat' dir='ltr'><strong>tem,</strong></span> <span class='ocrx_word' id='word_1_237' title='bbox 486 3140 740 3224; x_wconf 88' lang='lat' dir='ltr'><strong>eiusque</strong></span> <span class='ocrx_word' id='word_1_238' title='bbox 774 3143 987 3222; x_wconf 84' lang='lat' dir='ltr'><strong>filiam,</strong></span> <span class='ocrx_word' id='word_1_239' title='bbox 1031 3145 1217 3207; x_wconf 66' lang='lat' dir='ltr'><strong>Zoeln.</strong></span> <span class='ocrx_word' id='word_1_240' title='bbox 1261 3143 1384 3205; x_wconf 91' lang='lat' dir='ltr'><strong>Sed</strong></span> <span class='ocrx_word' id='word_1_241' title='bbox 1421 3146 1581 3204; x_wconf 86' lang='lat' dir='ltr'><strong>ratio</strong></span> <span class='ocrx_word' id='word_1_242' title='bbox 1638 3143 1720 3203; x_wconf 85' lang='lat' dir='ltr'><strong>ab</strong></span> <span class='ocrx_word' id='word_1_243' title='bbox 1780 3146 1916 3225; x_wconf 88' lang='lat' dir='ltr'><strong>ipso</strong></span> <span class='ocrx_word' id='word_1_244' title='bbox 1946 3143 2290 3205; x_wconf 78' lang='lat' dir='ltr'><strong>discedendi</strong></span> <span class='ocrx_word' id='word_1_245' title='bbox 2339 3143 2490 3210; x_wconf 79' lang='lat' dir='ltr'><strong>haec</strong></span> 
     </span>
    </p>
   </div>
   <div class='ocr_carea' id='block_1_10' title="bbox 283 3240 2491 3427">
    <p class='ocr_par' dir='ltr' id='par_1_11' title="bbox 283 3240 2491 3427">
     <span class='ocr_line' id='line_1_31' title="bbox 283 3240 2491 3327; baseline 0.003 -27"><span class='ocrx_word' id='word_1_246' title='bbox 283 3240 443 3300; x_wconf 85' lang='lat' dir='ltr'><strong>mihi</strong></span> <span class='ocrx_word' id='word_1_247' title='bbox 474 3240 620 3323; x_wconf 83' lang='lat' dir='ltr'><strong>fuit,</strong></span> <span class='ocrx_word' id='word_1_248' title='bbox 664 3241 833 3325; x_wconf 87' lang='lat' dir='ltr'><strong>quod</strong></span> <span class='ocrx_word' id='word_1_249' title='bbox 867 3243 1076 3306; x_wconf 81' lang='lat' dir='ltr'><strong>vultus</strong></span> <span class='ocrx_word' id='word_1_250' title='bbox 1108 3245 1264 3306; x_wconf 63' lang='lat' dir='ltr'><strong>zoes</strong></span> <span class='ocrx_word' id='word_1_251' title='bbox 1293 3240 1560 3305; x_wconf 87' lang='lat' dir='ltr'><strong>adultior</strong></span> <span class='ocrx_word' id='word_1_252' title='bbox 1593 3245 1799 3326; x_wconf 90' lang='lat' dir='ltr'><strong>potius</strong></span> <span class='ocrx_word' id='word_1_253' title='bbox 1850 3254 2135 3322; x_wconf 84' lang='lat' dir='ltr'><strong>matrem,</strong></span> <span class='ocrx_word' id='word_1_254' title='bbox 2176 3265 2363 3327; x_wconf 88' lang='lat' dir='ltr'><strong>quam</strong></span> <span class='ocrx_word' id='word_1_255' title='bbox 2414 3244 2491 3307; x_wconf 83' lang='lat' dir='ltr'><strong>fi-</strong></span> 
     </span>
     <span class='ocr_line' id='line_1_32' title="bbox 284 3337 2487 3427; baseline 0.002 -27"><span class='ocrx_word' id='word_1_256' title='bbox 284 3337 465 3419; x_wconf 83' lang='lat' dir='ltr'><strong>liam,</strong></span> <span class='ocrx_word' id='word_1_257' title='bbox 526 3353 591 3403; x_wconf 87' lang='lat' dir='ltr'><strong>et</strong></span> <span class='ocrx_word' id='word_1_258' title='bbox 642 3342 852 3406; x_wconf 76' lang='lat' dir='ltr'><strong>vultus</strong></span> <span class='ocrx_word' id='word_1_259' title='bbox 902 3344 1282 3406; x_wconf 87' lang='lat' dir='ltr'><strong>Constantini</strong></span> <span class='ocrx_word' id='word_1_260' title='bbox 1331 3342 1665 3406; x_wconf 86' lang='lat' dir='ltr'><strong>admodum</strong></span> <span class='ocrx_word' id='word_1_261' title='bbox 1721 3342 1971 3427; x_wconf 78' lang='lat' dir='ltr'><strong>puerilis</strong></span> <span class='ocrx_word' id='word_1_262' title='bbox 2014 3345 2218 3427; x_wconf 89' lang='lat' dir='ltr'><strong>potius</strong></span> <span class='ocrx_word' id='word_1_263' title='bbox 2253 3343 2452 3405; x_wconf 86' lang='lat' dir='ltr'><strong>filium</strong></span> <span class='ocrx_word' id='word_1_264' title='bbox 2466 3387 2487 3424; x_wconf 86' lang='lat'><strong>,</strong></span> 
     </span>
    </p>
   </div>
   <div class='ocr_carea' id='block_1_11' title="bbox 264 3444 2490 3628">
    <p class='ocr_par' dir='ltr' id='par_1_12' title="bbox 264 3444 2490 3628">
     <span class='ocr_line' id='line_1_33' title="bbox 266 3444 2490 3528; baseline 0.001 -24"><span class='ocrx_word' id='word_1_265' title='bbox 266 3460 473 3522; x_wconf 83' lang='lat' dir='ltr'><strong>-quam</strong></span> <span class='ocrx_word' id='word_1_266' title='bbox 500 3453 768 3523; x_wconf 82' lang='lat' dir='ltr'><strong>patrem,</strong></span> <span class='ocrx_word' id='word_1_267' title='bbox 810 3444 1125 3507; x_wconf 81' lang='lat' dir='ltr'><strong>videretur</strong></span> <span class='ocrx_word' id='word_1_268' title='bbox 1181 3465 1455 3528; x_wconf 80' lang='lat' dir='ltr'><strong>arguere.</strong></span> <span class='ocrx_word' id='word_1_269' title='bbox 1562 3444 1832 3523; x_wconf 82' lang='lat' dir='ltr'><strong>Quintus</strong></span> <span class='ocrx_word' id='word_1_270' title='bbox 1867 3463 2092 3506; x_wconf 84' lang='lat' dir='ltr'><strong>numus</strong></span> <span class='ocrx_word' id='word_1_271' title='bbox 2131 3465 2342 3506; x_wconf 88' lang='lat' dir='ltr'><strong>rursus</strong></span> <span class='ocrx_word' id='word_1_272' title='bbox 2377 3465 2490 3506; x_wconf 89' lang='lat' dir='ltr'><strong>au-</strong></span> 
     </span>
     <span class='ocr_line' id='line_1_34' title="bbox 264 3541 2485 3628; baseline 0.002 -26"><span class='ocrx_word' id='word_1_273' title='bbox 264 3561 429 3602; x_wconf 83' lang='lat' dir='ltr'><strong>-reus</strong></span> <span class='ocrx_word' id='word_1_274' title='bbox 453 3553 549 3604; x_wconf 82' lang='lat' dir='ltr'><strong>est</strong></span> <span class='ocrx_word' id='word_1_275' title='bbox 590 3541 930 3627; x_wconf 85' lang='lat' dir='ltr'><strong>Nicephori</strong></span> <span class='ocrx_word' id='word_1_276' title='bbox 977 3545 1247 3626; x_wconf 83' lang='lat' dir='ltr'><strong>Phocae‚</strong></span> <span class='ocrx_word' id='word_1_277' title='bbox 1292 3547 1468 3606; x_wconf 84' lang='lat' dir='ltr'><strong>cuius</strong></span> <span class='ocrx_word' id='word_1_278' title='bbox 1516 3544 1681 3628; x_wconf 91' lang='lat' dir='ltr'><strong>apud</strong></span> <span class='ocrx_word' id='word_1_279' title='bbox 1732 3545 2028 3606; x_wconf 88' lang='lat' dir='ltr'><strong>Nostrum</strong></span> <span class='ocrx_word' id='word_1_280' title='bbox 2073 3546 2150 3606; x_wconf 87' lang='lat' dir='ltr'><strong>L.</strong></span> <span class='ocrx_word' id='word_1_281' title='bbox 2201 3544 2249 3607; x_wconf 91' lang='lat'><strong>1.</strong></span> <span class='ocrx_word' id='word_1_282' title='bbox 2284 3567 2344 3607; x_wconf 81' lang='lat' dir='ltr'><strong>e.</strong></span> <span class='ocrx_word' id='word_1_283' title='bbox 2374 3541 2485 3627; x_wconf 84' lang='lat'><strong>96.</strong></span> 
     </span>
    </p>
   </div>
   <div class='ocr_carea' id='block_1_12' title="bbox 288 3643 2491 3828">
    <p class='ocr_par' dir='ltr' id='par_1_13' title="bbox 288 3643 2491 3828">
     <span class='ocr_line' id='line_1_35' title="bbox 288 3643 2130 3728; baseline 0.001 -26"><span class='ocrx_word' id='word_1_284' title='bbox 288 3643 521 3702; x_wconf 85' lang='lat' dir='ltr'><strong>mentio</strong></span> <span class='ocrx_word' id='word_1_285' title='bbox 556 3644 645 3707; x_wconf 81' lang='lat' dir='ltr'><strong>fit.</strong></span> <span class='ocrx_word' id='word_1_286' title='bbox 722 3644 813 3706; x_wconf 81' lang='lat' dir='ltr'><strong>Et</strong></span> <span class='ocrx_word' id='word_1_287' title='bbox 851 3643 955 3706; x_wconf 86' lang='lat' dir='ltr'><strong>hie</strong></span> <span class='ocrx_word' id='word_1_288' title='bbox 987 3667 1234 3727; x_wconf 89' lang='lat' dir='ltr'><strong>quoque</strong></span> <span class='ocrx_word' id='word_1_289' title='bbox 1277 3645 1442 3728; x_wconf 87' lang='lat' dir='ltr'><strong>apud</strong></span> <span class='ocrx_word' id='word_1_290' title='bbox 1486 3644 1866 3706; x_wconf 86' lang='lat' dir='ltr'><strong>Bandurium</strong></span> <span class='ocrx_word' id='word_1_291' title='bbox 1916 3654 2130 3706; x_wconf 87' lang='lat' dir='ltr'><strong>exstat.</strong></span> 
     </span>
     <span class='ocr_line' id='line_1_36' title="bbox 450 3740 2491 3828; baseline 0.001 -26"><span class='ocrx_word' id='word_1_292' title='bbox 450 3740 705 3804; x_wconf 82' lang='lat' dir='ltr'><strong>Addam</strong></span> <span class='ocrx_word' id='word_1_293' title='bbox 738 3744 994 3806; x_wconf 86' lang='lat' dir='ltr'><strong>tandem</strong></span> <span class='ocrx_word' id='word_1_294' title='bbox 1037 3744 1273 3828; x_wconf 77' lang='lat' dir='ltr'><strong>aliquot</strong></span> <span class='ocrx_word' id='word_1_295' title='bbox 1312 3744 1472 3821; x_wconf 84' lang='lat' dir='ltr'><strong>loca,</strong></span> <span class='ocrx_word' id='word_1_296' title='bbox 1528 3746 1595 3806; x_wconf 88' lang='lat' dir='ltr'><strong>in</strong></span> <span class='ocrx_word' id='word_1_297' title='bbox 1641 3743 1862 3826; x_wconf 87' lang='lat' dir='ltr'><strong>quibus</strong></span> <span class='ocrx_word' id='word_1_298' title='bbox 1907 3743 2126 3804; x_wconf 82' lang='lat' dir='ltr'><strong>Latine</strong></span> <span class='ocrx_word' id='word_1_299' title='bbox 2168 3742 2491 3805; x_wconf 87' lang='lat' dir='ltr'><strong>reddendis</strong></span> 
     </span>
    </p>
   </div>
   <div class='ocr_carea' id='block_1_13' title="bbox 266 3838 2491 3928">
    <p class='ocr_par' dir='ltr' id='par_1_14' title="bbox 266 3838 2491 3928">
     <span class='ocr_line' id='line_1_37' title="bbox 266 3838 2491 3928; baseline 0.002 -28"><span class='ocrx_word' id='word_1_300' title='bbox 266 3838 537 3904; x_wconf 86' lang='lat' dir='ltr'><strong>-humani</strong></span> <span class='ocrx_word' id='word_1_301' title='bbox 578 3844 819 3928; x_wconf 86' lang='lat' dir='ltr'><strong>aliquid</strong></span> <span class='ocrx_word' id='word_1_302' title='bbox 858 3866 1075 3928; x_wconf 87' lang='lat' dir='ltr'><strong>passus</strong></span> <span class='ocrx_word' id='word_1_303' title='bbox 1120 3845 1234 3906; x_wconf 79' lang='lat' dir='ltr'><strong>fui.</strong></span> <span class='ocrx_word' id='word_1_304' title='bbox 1319 3845 1592 3926; x_wconf 81' lang='lat' dir='ltr'><strong>Longior</strong></span> <span class='ocrx_word' id='word_1_305' title='bbox 1633 3864 1804 3921; x_wconf 83' lang='lat' dir='ltr'><strong>usus,</strong></span> <span class='ocrx_word' id='word_1_306' title='bbox 1845 3853 1917 3903; x_wconf 89' lang='lat' dir='ltr'><strong>ut</strong></span> <span class='ocrx_word' id='word_1_307' title='bbox 1951 3844 2045 3920; x_wconf 85' lang='lat' dir='ltr'><strong>fit,</strong></span> <span class='ocrx_word' id='word_1_308' title='bbox 2084 3845 2344 3906; x_wconf 85' lang='lat' dir='ltr'><strong>rectiora</strong></span> <span class='ocrx_word' id='word_1_309' title='bbox 2390 3863 2491 3904; x_wconf 85' lang='lat' dir='ltr'><strong>me</strong></span> 
     </span>
    </p>
   </div>
   <div class='ocr_carea' id='block_1_14' title="bbox 290 3937 2491 4128">
    <p class='ocr_par' dir='ltr' id='par_1_15' title="bbox 290 3937 2491 4128">
     <span class='ocr_line' id='line_1_38' title="bbox 294 3937 2491 4029; baseline 0 -28"><span class='ocrx_word' id='word_1_310' title='bbox 294 3940 516 4004; x_wconf 78' lang='lat' dir='ltr'><strong>docuit.</strong></span> <span class='ocrx_word' id='word_1_311' title='bbox 633 3944 733 4008; x_wconf 89' lang='lat' dir='ltr'><strong>Ut</strong></span> <span class='ocrx_word' id='word_1_312' title='bbox 775 3967 848 4029; x_wconf 88' lang='lat' dir='ltr'><strong>p.</strong></span> <span class='ocrx_word' id='word_1_313' title='bbox 909 3944 1056 4008; x_wconf 75' lang='lat'><strong>236.</strong></span> <span class='ocrx_word' id='word_1_314' title='bbox 1111 3947 1184 4007; x_wconf 89' lang='lat' dir='ltr'><strong>B.</strong></span> <span class='ocrx_word' id='word_1_315' title='bbox 1235 3943 1409 4029; x_wconf 82' lang='lat' dir='ltr'><strong>fine,</strong></span> <span class='ocrx_word' id='word_1_316' title='bbox 1456 3937 1722 4025; x_wconf 70' lang='grc' dir='ltr'><em>ῥήματα</em></span> <span class='ocrx_word' id='word_1_317' title='bbox 1764 3939 2104 4006; x_wconf 57' lang='lat' dir='ltr'><strong>{vermi-‘hm</strong></span> <span class='ocrx_word' id='word_1_318' title='bbox 2164 3964 2289 4004; x_wconf 88' lang='lat' dir='ltr'><strong>non</strong></span> <span class='ocrx_word' id='word_1_319' title='bbox 2348 3953 2491 4003; x_wconf 86' lang='lat' dir='ltr'><strong>sunt</strong></span> 
     </span>
     <span class='ocr_line' id='line_1_39' title="bbox 290 4042 2488 4128; baseline -0.001 -23"><span class='ocrx_word' id='word_1_320' title='bbox 290 4045 624 4109; x_wconf 78' lang='lat' dir='ltr'><strong>verborum</strong></span> <span class='ocrx_word' id='word_1_321' title='bbox 661 4046 1005 4110; x_wconf 79' lang='lat' dir='ltr'><strong>lenocinia</strong></span> <span class='ocrx_word' id='word_1_322' title='bbox 1031 4060 1091 4108; x_wconf 78' lang='lat' dir='ltr'><strong>et</strong></span> <span class='ocrx_word' id='word_1_323' title='bbox 1133 4044 1621 4117; x_wconf 79' lang='lat' dir='ltr'><strong>blandimenta,</strong></span> <span class='ocrx_word' id='word_1_324' title='bbox 1666 4043 1773 4104; x_wconf 88' lang='lat' dir='ltr'><strong>sed</strong></span> <span class='ocrx_word' id='word_1_325' title='bbox 1807 4045 2017 4105; x_wconf 79' lang='lat' dir='ltr'><strong>verba</strong></span> <span class='ocrx_word' id='word_1_326' title='bbox 2059 4064 2234 4128; x_wconf 69' lang='lat' dir='ltr'><strong>quae</strong></span> <span class='ocrx_word' id='word_1_327' title='bbox 2267 4042 2488 4103; x_wconf 83' lang='lat' dir='ltr'><strong>animo</strong></span> 
     </span>
    </p>
   </div>
   <div class='ocr_carea' id='block_1_15' title="bbox 296 4133 2488 4229">
    <p class='ocr_par' dir='ltr' id='par_1_16' title="bbox 296 4133 2488 4229">
     <span class='ocr_line' id='line_1_40' title="bbox 296 4133 2488 4229; baseline -0.003 -16"><span class='ocrx_word' id='word_1_328' title='bbox 296 4164 401 4213; x_wconf 72' lang='lat' dir='ltr'><strong>mo</strong></span> <span class='ocrx_word' id='word_1_329' title='bbox 428 4166 650 4213; x_wconf 74' lang='lat' dir='ltr'><strong>secum</strong></span> <span class='ocrx_word' id='word_1_330' title='bbox 674 4147 938 4227; x_wconf 75' lang='lat' dir='ltr'><strong>volvit,</strong></span> <span class='ocrx_word' id='word_1_331' title='bbox 979 4158 1040 4210; x_wconf 79' lang='lat' dir='ltr'><strong>et</strong></span> <span class='ocrx_word' id='word_1_332' title='bbox 1082 4146 1317 4229; x_wconf 74' lang='lat' dir='ltr'><strong>agitat3</strong></span> <span class='ocrx_word' id='word_1_333' title='bbox 1354 4166 1416 4228; x_wconf 87' lang='lat' dir='ltr'><strong>p.</strong></span> <span class='ocrx_word' id='word_1_334' title='bbox 1447 4142 1593 4227; x_wconf 77' lang='lat'><strong>241.</strong></span> <span class='ocrx_word' id='word_1_335' title='bbox 1626 4144 1697 4211; x_wconf 88' lang='lat' dir='ltr'><strong>B.</strong></span> <span class='ocrx_word' id='word_1_336' title='bbox 1727 4152 1770 4224; x_wconf 75' lang='grc'>4</span> <span class='ocrx_word' id='word_1_337' title='bbox 1805 4133 2150 4226; x_wconf 59' lang='grc' dir='ltr'><em>συνάγεται</em></span> <span class='ocrx_word' id='word_1_338' title='bbox 2186 4154 2277 4206; x_wconf 88' lang='lat' dir='ltr'><strong>est</strong></span> <span class='ocrx_word' id='word_1_339' title='bbox 2314 4160 2488 4206; x_wconf 70' lang='lat' dir='ltr'><strong>com·-</strong></span> 
     </span>
    </p>
   </div>
  </div>
 </body>
</html>
