3050 4900
26 4717 51 4872 [μὴ

377 329 491 392 DE
564 323 763 392 vrrA
821 326 927 389 ET
967 324 1226 391 mus
1281 325 1556 392 GESTIS
1611 324 2171 396 CONSTANTINI.
2286 333 2445 397 XLV

266 487 387 548 uisi
451 487 628 567 qnod
687 484 1009 566 Euthymii
1078 504 1299 545 nomen
1324 530 1348 562 ‚
1405 506 1441 545 a
1498 483 1829 567 Polyeucto
1890 488 2227 569 patriarcha
2246 534 2265 566 ,
2309 510 2435 552 non

262 569 455 629 multo
516 581 667 651 post
684 615 704 645 ,
764 571 951 629 sacris
987 567 1289 652 diptychis
1326 567 1695 650 adscriptum
1746 589 1876 643 esee
1893 613 1912 647 ‚
1973 570 2218 653 plurimi
2274 574 2433 634 indi-

260 663 600 734 gnarenmr
646 655 672 697 ¹
700 695 720 711 .

416 737 509 795 V.
595 656 753 797 Pgst
796 755 991 807 annos
1016 732 1343 795 admodum
1380 735 1742 817 quindecim,
1790 754 1972 818 quam
2011 738 2272 817 primum
2309 740 2428 800 im-

262 820 506 898 poeium
566 818 769 879 adorti
810 828 1019 893 erant,
1063 816 1303 898 Balgari
1354 836 1566 879 rursus
1612 840 1822 899 paoem
1875 839 2117 896 exuere,
2177 840 2282 880 seu
2319 823 2429 882 ad-

262 901 594 961 suetudine
649 904 837 981 gentis
856 948 877 977 ‚
930 918 1091 982 quae
1134 900 1393 962 secunda
1436 900 1723 962 adversus
1787 903 2196 962 circumiectas
2234 908 2431 965 natio·

265 1003 383 1042 nes
432 984 601 1043 bella
648 985 930 1044 limenas
974 994 1316 1044 exercuemt
1333 1029 1354 1061 ‚
1415 1004 1522 1044 seu
1577 984 1740 1065 quod
1809 984 2069 1044 claustra
2124 988 2310 1046 maris
2362 1008 2433 1048 ac

271 1075 478 1126 terrae
526 1066 645 1126 levi
686 1067 989 1147 praesidio
1026 1066 1312 1127 adversus
1356 1066 1754 1127 validissimos
1799 1070 2090 1127 exercitus
2132 1080 2298 1150 septa
2342 1091 2430 1130 es-

273 1159 429 1209 sent.
511 1148 633 1208 An.
678 1170 822 1232 929·
904 1150 962 1208 T
963 1169 1071 1208 um
1120 1151 1532 1231 praetorianae
1574 1149 1852 1210 cohortes
1891 1170 2059 1210 arma
2102 1151 2300 1213 subito
2342 1174 2431 1213 ce-

266 1242 525 1372 pffunt,
564 1231 826 1292 infausto
879 1242 1100 1292 evmtu
1116 1278 1137 1308 ,
1183 1254 1322 1292 cum
1376 1235 1595 1311 aci-ine,
1620 1253 1802 1314 quam
1831 1235 2217 1310 constantius,
2263 1256 2428 1316 prae-

298 1316 415 1373 ‘um
450 1316 691 1378 inirent.
777 1313 981 1375 Classe
1026 1316 1207 1374 etiam
1258 1314 1565 1375 vindicare
1603 1318 1793 1377 maria
1837 1318 2056 1392 visum,
2099 1336 2272 1397 quae,
2321 1319 2426 1378 du·

267 1417 403 1455 cmn
450 1399 777 1479 imperitia,
818 1408 925 1456 ant
965 1396 1233 1478 dispersa
1272 1409 1381 1474 est,
1428 1409 1534 1458 aut
1581 1399 1645 1458 in
1692 1398 1896 1478 sugam
1942 1400 2234 1459 coniecta.
2288 1399 2421 1460 Au·-

260 1475 467 1539 1erunt
506 1492 813 1540 terrorem
857 1490 1142 1561 agrestes,
1187 1500 1325 1540 cum
1370 1483 1561 1561 portis
1606 1481 1775 1541 urbis
1814 1480 2139 1541 incidentes
2160 1528 2182 1556 ,
2224 1482 2421 1563 Pega-

260 1581 396 1621 rum
438 1574 501 1623 et
544 1563 913 1623 Theodorae
952 1561 1174 1642 palatia
1194 1607 1214 1640 ‚
1256 1564 1659 1643 Stenumque,
1722 1562 1926 1623 hostili
1965 1565 2103 1644 igne
2146 1585 2421 1641 accensa,

257 1644 467 1726 procul
515 1646 755 1707 finnare
792 1648 1166 1705 nuntiarent.
1206 1644 1487 1705 Pericula
1531 1644 1760 1705 ultima·
1799 1644 2022 1704 audere
2065 1656 2126 1705 et
2165 1651 2419 1727 experiri

264 1728 511 1787 tandem
549 1732 743 1789 iussus
785 1739 880 1788 est
924 1727 1212 1787 Sacticins
1229 1774 1249 1805 ,
1305 1749 1519 1809 quem,
1583 1726 1852 1808 palantes
1912 1728 2112 1808 copias
2154 1748 2275 1787 non
2321 1732 2421 1789 in-

270 1820 512 1870 strenue
548 1832 924 1892 aggressum,
966 1831 1090 1870 uno
1148 1811 1400 1871 vulnere
1442 1810 1687 1871 barbari
1730 1813 1794 1869 in
1849 1821 2105 1869 mortem
2146 1809 2419 1873 affecere.

269 1892 455 1952 Cuius
495 1906 658 1975 gesta
710 1893 895 1953 multi
947 1913 1086 1953 cum
1134 1895 1240 1953 atti
1282 1897 1481 1971 erint3
1531 1895 1593 1953 in
1637 1912 1711 1953 eo
1754 1895 2156 1969 consentiunt,
2203 1914 2421 1974 magna

258 1975 323 2032 in
368 1978 500 2055 ipso
557 1979 849 2051 virtutis,
893 1996 1113 2057 magna
1172 1975 1249 2036 be
1300 1980 1311 1992 ⁶
1370 1975 1590 2036 decora
1633 1975 1838 2052 finisse,
1868 1975 2086 2057 quibus
2131 1996 2260 2036 rem
2301 1999 2417 2057 pu-

252 2055 467 2118 blicam
510 2061 579 2118 in
638 2061 851 2140 paucis
900 2060 1293 2119 sustinuisset.
1394 2060 1560 2118 Inter
1604 2058 1750 2118 haec
1810 2078 1912 2118 rex
1969 2057 2364 2141 Bulgarorum
2395 2104 2417 2137 ,

256 2150 315 2198 et
362 2141 532 2202 ducis
586 2153 650 2202 et
693 2144 956 2223 gregarii
1001 2141 1206 2202 militis
1250 2139 1445 2201 officia
1485 2142 1694 2224 obiens
1718 2183 1738 2215 ‚
1788 2140 2227 2222 Adrianopolin
2277 2164 2417 2203 cum

166 2240 175 2247 ’
256 2228 510 2284 exercitu
554 2228 793 2300 movit,
838 2245 1059 2285 corona
1110 2222 1575 2299 circumdatam,
1626 2233 1942 2305 postquam
1979 2245 2217 2285 annona
2265 2225 2417 2285 defe-

250 2317 431 2383 cerat,
474 2311 658 2389 cepit,
708 2310 953 2388 captivo
998 2306 1161 2383 duci,
1208 2306 1492 2388 quicquid
1536 2317 1974 2366 tormentorum
2019 2310 2269 2388 reperiri
2315 2329 2416 2389 po-

249 2392 399 2467 tuit,
443 2390 725 2452 adhiberi
758 2393 953 2452 iussit.
1044 2388 1190 2452 Inde
1218 2391 1472 2450 victoria
1501 2388 1666 2449 haud
1712 2391 1970 2472 segniter
2009 2411 2186 2468 usus»,
2229 2390 2420 2452 Thra·
2503 2436 2520 2443 -

246 2473 341 2532 cia
400 2484 462 2534 et
497 2474 865 2534 Macedonia
918 2474 1081 2534 ferro
1138 2477 1393 2556 igneque
1456 2483 1684 2534 vastata
1718 2519 1738 2549 ,
1802 2472 2004 2534 sedem
2064 2476 2298 2554 imperii
2358 2486 2420 2536 et

244 2566 458 2635 eaput,
493 2558 861 2639 Byzantium
917 2560 1125 2638 petiit3
1172 2567 1236 2616 at
1292 2557 1502 2616 castris
1635 2558 1765 2616 sitis
1779 2602 1802 2632 ,
1839 2577 2014 2618 versa
2071 2556 2148 2616 ad
2206 2578 2419 2637 pacem

244 2641 607 2718 cogitatione
624 2684 646 2718 ‚
705 2652 779 2700 ut
825 2638 939 2700 sibi
981 2660 1120 2700 cum
1163 2640 1438 2699 Romano
1482 2659 1555 2697 co
1723 2641 1744 2696 i
1798 2637 2037 2715 liceret,
2099 2642 2297 2698 oravit
2338 2641 2413 2717 ²).

249 2717 593 2782 Admiratio
646 2722 837 2783 subiit
881 2725 1196 2803 utriusque
1244 2723 1534 2781 exercitus
1585 2723 1668 2780 mi
1695 2722 1870 2799 item,
1938 2741 2078 2782 cum
2125 2721 2265 2781 hinc
2323 2722 2413 2782 fe-

254 2805 485 2863 rociam
522 2803 787 2886 Bulgari,
836 2804 981 2865 inde
1006 2814 1131 2866 non
1177 2804 1492 2864 infractam
1536 2804 1920 2885 imperatoris
1973 2815 2234 2867 mentem
2282 2825 2413 2865 cer-

254 2897 435 2945 neret
459 2931 479 2964 ,
518 2897 591 2946 nt
635 2892 735 2968 qui
778 2898 983 2948 tantae
1043 2888 1391 2969 dignitatem
1440 2889 1798 2962 maiestatis,
1857 2907 1996 2947 raro
2056 2908 2125 2946 ea
2185 2897 2414 2968 tempe-

251 2977 433 3044 state,
478 2980 541 3028 a
584 2990 651 3028 ex
691 2982 889 3031 vetere
931 2972 1223 3032 memoria
1251 2969 1543 3052 exemplu,
1589 2990 1694 3029 ore
1734 2979 1983 3051 totoque
2021 2969 2236 3029 habitu
2280 2992 2417 3051 pro-
2515 3005 2520 3012 ·

242 3048 460 3128 dei-eu
502 3054 627 3111 iam
674 3063 797 3112 tum
840 3055 1219 3135 praesagiens
1263 3056 1465 3113 animo
1484 3096 1505 3130 ‚
1552 3051 1718 3129 fore,
1757 3063 1827 3112 ut
1869 3073 1983 3132 pax
2026 3049 2416 3111 affinitatibus

233 3134 688 3194 connubiorum
738 3137 1107 3196 firmaretur.
1197 3134 1451 3217 Aliquot
1492 3138 1667 3193 annis
1707 3145 1874 3214 post,
1916 3133 2159 3192 Sim'eon
2206 3133 2415 3215 Bulga-

236 3235 342 3276 rus
372 3262 391 3294 ‚
454 3219 674 3278 morbo
725 3222 1050 3279 exstinctus
1067 3265 1087 3296 ‚
1137 3218 1321 3278 Petro
1364 3218 1487 3278 filio
1531 3237 1783 3298 regnum
1831 3225 2188 3276 testamento
2228 3216 2413 3276 relin-

232 3302 367 3379 quit
405 3301 482 3380 ³)‚
537 3305 673 3383 qui,
727 3301 867 3363 licet
908 3304 1031 3363 iam
1095 3303 1418 3363 exercitum
1459 3302 1524 3362 in
1571 3303 1834 3361 Graecos
1903 3309 2219 3379 armasset,
2273 3321 2412 3360 cum

363 3481 555 3533 verbis
592 3482 761 3533 etiam
793 3481 904 3535 hoc
947 3482 1253 3553 colligitur,
1312 3481 1502 3534 turbas
1550 3483 1696 3534 inter
1727 3480 2117 3548 Euthymianos
2152 3488 2209 3534 et
2250 3479 2414 3532 Nico·

361 3549 539 3603 Iaitas
580 3552 827 3604 nondum
862 3552 968 3605 hac
1004 3562 1180 3605 aetate
1217 3553 1575 3620 compositas,
1609 3559 1706 3604 aut
1735 3568 1901 3604 novas
1937 3555 2120 3621 potins
2151 3551 2225 3604 'de
2249 3566 2413 3621 quar·
2451 3591 2466 3598 -

364 3621 451 3676 tiz
481 3621 697 3691 nuptiis
730 3631 879 3675 ortae
931 3639 1063 3675 esse.
1136 3623 1301 3692 Quod
1338 3632 1615 3690 praeterea
1650 3622 1928 3675 Cedrenns
1969 3629 2241 3683 testatur,
2295 3637 2413 3671 ma-

364 3706 644 3812 {¹¹²ff.„2'²²‘¹¹¹⁶
652 3693 917 3815 &1⁰¹⁸
966 3691 2415 3816 ffiwsszzffssuff1:¹ffi1ffi‘2211‘2023ffis03333

367 3846 503 3899 gens
538 3780 743 3884 fii-Ecca
795 3779 1105 3901 religiosior
1150 3834 1296 3895 suit,
1353 3841 1416 3885 nt
1462 3850 1530 3884 ex
1575 3828 2135 3900 Matthaemuonachi
2186 3831 2413 3901 Quaest.

364 3902 679 3953 mati-imon.
714 3912 979 3972 apparet,
1029 3911 1088 3955 et.
1122 3904 1325 3955 illustri
1363 3904 1612 3971 exemplo
1647 3903 1846 3970 probat
1879 3900 2160 3954 cedrenus
2196 3919 2247 3970 p.
2289 3901 2412 3969 649.

295 3969 351 4038 ι)
389 3973 437 4022 Α
474 3970 598 4023 Vita
651 3973 705 4025 S.
745 3973 1032 4040 Polyeucti
1083 3989 1113 4024 e
1161 3973 1381 4025 Graecis
1444 3972 1810 4040 scriptoribus
1861 3973 2087 4026 collecta
2143 3972 2258 4023 Act.
2317 3971 2412 4026 SS.

360 4038 523 4098 Febr.
558 4043 625 4093 'L
662 4046 703 4095 1.
742 4059 799 4110 p.
839 4060 960 4111 7⁰7·
1101 4044 1158 4112 α)
1193 4044 1307 4096 Leo
1348 4042 1636 4094 Grammat.
1673 4059 1726 4110 p.
1765 4042 1882 4110 498.
1960 4043 2183 4096 Contin.
2222 4042 2268 4091 T
2271 4039 2413 4090 heo-

361 4108 531 4176 phan,
588 4129 643 4180 p.
670 4117 795 4181 248.
836 4114 1061 4165 Simeon
1109 4112 1339 4183 Logoth.
1386 4128 1438 4179 p.
1497 4114 1615 4181 483.
1678 4114 1867 4164 ceteri.
1937 4112 2190 4165 Meminit
2246 4110 2412 4162 etiam

360 4178 640 4236 Theodos.
681 4184 969 4238 Rinvienn.
997 4183 1176 4238 adan.
1194 4200 1319 4262 939‘
1358 4182 1640 4254 sigebem
1670 4182 1740 4236 ad
1762 4198 1845 4235 an.
1873 4186 1995 4252 926·
2142 4182 2196 4251 3)
2233 4179 2412 4259 Quem
