3050 4900
530 298 669 361 LVI
902 300 1018 362 10.
1075 296 1325 364 BENR.
1385 294 1689 363 meml
1744 294 2342 367 confflENrA‘no

526 449 889 533 honoranda
904 495 925 531 ,
968 471 1262 534 magnum
1301 447 1572 512 studium
1613 451 1762 530 suit3
1804 450 2009 514 sslatus
2035 463 2243 515 eutem
2283 461 2376 514 est
2413 446 2724 513 maiorum

528 535 811 617 sepulcro
836 538 902 595 in
927 534 1161 617 templo
1187 535 1292 600 SS.
1320 534 1630 617 Apostolis
1657 535 1858 596 dicato
1885 539 1954 614 ¹).
2036 536 2316 597 Fuerunt
2340 538 2406 596 in
2435 555 2510 596 eo
2537 556 2721 617 prae·-

529 617 700 680 clara
737 621 985 680 virtutis
1017 630 1078 680 et
1106 620 1346 700 pietatis
1386 629 1744 680 ornamenta
1767 663 1786 696 ,
1829 620 1947 679 Dei
1990 629 2052 679 et
2091 639 2404 681 sacrorum
2444 638 2724 679 reveren·

529 704 618 763 tia
662 724 900 763 summa
935 703 1010 780 ²).
1092 700 1295 762 Multa
1334 700 1578 783 publice
1617 723 1805 783 opera
1857 706 2075 784 struxit
2094 746 2113 782 ‚
2171 705 2238 763 in
2277 701 2498 785 quibus
2545 701 2723 785 Apo-

531 785 832 846 stolorum
872 785 1052 846 aedes
1094 805 1133 844 a
1174 784 1584 847 fundamentis
1625 786 1909 847 inchoata
1938 830 1956 863 ,
2018 796 2078 846 et
2117 785 2179 849 S.
2218 785 2482 867 Sophiae
2522 805 2721 866 augu-

530 871 864 930 stissimum
900 866 1197 950 templum
1242 868 1555 950 magnifice
1595 871 2000 929 instauratum
2024 912 2044 948 ,
2086 879 2527 930 memorantur.
2592 866 2726 929 Bal-

528 948 723 1013 neum
747 955 811 1013 in
835 954 1112 1015 Marinae
1140 951 1391 1012 aedibus
1416 995 1436 1029 ‚
1479 953 1693 1035 ingens
1721 960 1875 1034 opus
1900 997 1918 1030 ,
1960 974 2073 1013 nec
2100 953 2351 1014 inferius
2391 953 2680 1012 Romanis
2699 995 2725 1030 ‚

498 1038 855 1097 'renovavit
878 1057 897 1095 ε
942 1044 1249 1096 senectute
1288 1035 1640 1118 morbisque
1677 1036 1967 1097 confectis
2015 1035 2238 1097 domos
2294 1035 2727 1117 amplissimaS,

531 1119 642 1179 ubi
682 1117 928 1201 publico
965 1128 1171 1179 sumtu
1210 1116 1521 1201 elei-entur
1544 1164 1565 1197 ‚
1625 1118 1920 1180 concessit
1952 1141 1971 1181 ε
2031 1118 2330 1201 palatium
2391 1117 2728 1201 amplifica·

531 1204 626 1262 vit
649 1202 738 1280 ³)=
799 1201 1132 1263 obeliscum
1187 1212 1457 1265 veterem
1479 1246 1500 1280 ‚
1560 1222 1632 1262 ex
1691 1201 1975 1285 Aegypto
2031 1202 2358 1263 advectum
2377 1246 2398 1281 ,
2440 1204 2506 1262 in
2546 1201 2731 1261 Circo

531 1289 766 1367 posuit,
810 1295 1180 1366 manentque
1220 1288 1349 1346 eius
1389 1287 1480 1345 rei
1508 1296 1928 1365 monumenta,
1971 1285 2206 1367 sculpta
2248 1288 2403 1347 saxis
2423 1329 2443 1363 ,
2487 1295 2549 1346 et
2588 1306 2733 1345 aere

531 1371 734 1450 prisco
762 1369 831 1452 ⁴).
912 1369 1127 1431 Muros
1169 1368 1467 1431 Nicaenos
1492 1412 1513 1448 ,
1580 1389 1618 1429 a
1656 1370 1972 1431 Saracenis
2023 1390 2266 1433 eversos
2291 1413 2312 1450 ,
2374 1367 2594 1429 collata
2655 1389 2733 1430 ex

672 1585 810 1631 nus,
900 1568 1035 1622 aim
1097 1569 1232 1622 eius.
1303 1567 1396 1620 Sic
1450 1569 1619 1622 etiam
1675 1568 1992 1637 Anonymus
2045 1567 2329 1632 Bai-ensis,
2414 1566 2488 1620 ad
2565 1582 2733 1651 quem

668 1638 810 1690 haec
895 1639 1079 1691 isserit
1116 1637 1373 1691 Camillus
1415 1640 1768 1708 Peregrinus:
1840 1641 2048 1692 Noster·
2085 1636 2390 1692 Gedrenum
2432 1650 2711 1709 sequatur,

659 1709 766 1781 qui
812 1710 1233 1764 coronationem
1290 1711 1654 1764 Constantini
1701 1720 1885 1763 aetate
1934 1712 2212 1780 septennis
2282 1723 2466 1762 actam
2511 1707 2713 1778 per-hi-

673 1780 765 1831 bet
807 1793 932 1849 post
971 1783 1169 1851 patr-ui
1202 1778 1547 1846 Alexandri,
1591 1777 1792 1836 nedum
1830 1792 1958 1851 post
1992 1782 2179 1850 patris
2303 1783 2429 1833 onis
2469 1780 2712 1842 obitum,

673 1867 796 1901 eam
851 1848 932 1902 ad
991 1868 1201 1902 annum
1249 1854 1446 1905 retulit
1491 1856 1614 1922 9¹3·
1655 1851 1880 1923 sibique
1923 1869 2076 1905 nunc
2121 1863 2387 1904 constans
2447 1862 2722 1903 mortuum

671 1921 833 1972 illum
897 1918 1040 1973 dicit
1087 1921 1207 1990 960.
1271 1921 1540 1976 inchoato
1605 1938 1641 1972 a
1698 1921 2000 1993 Septembri
2052 1922 2360 1976 communis
2407 1919 2550 1973 anni
2595 1919 2723 1989 959.

669 1991 797 2052 (sic
832 1991 999 2043 etiam
1039 1987 1335 2042 dicendum
1384 1988 1453 2043 de
1501 1994 1872 2045 coronatione
1909 1993 2030 2044 eius
2077 2009 2230 2043 anno
2271 1994 2438 2061 913.)
2510 1992 2729 2061 Quippe

673 2059 819 2112 obiit
876 2063 1313 2123 Constantinus,
1370 2073 1433 2113 ut
1482 2062 1600 2130 ipse
1660 2074 1855 2124 notat,
1927 2057 2130 2114 Indict.
2173 2061 2283 2113 ΙΙΙ.
2343 2075 2398 2113 et
2451 2072 2515 2112 ut
2567 2070 2733 2112 notat

675 2127 996 2192 Cedrenus.
1058 2128 1148 2183 die
1198 2129 1300 2181 IX.
1350 2133 1724 2194 Novembris,
1797 2133 2012 2184 scilicet
2060 2129 2348 2184 desinente
2406 2133 2519 2182 iam
2574 2127 2732 2182 dicto

676 2203 952 2254 communi
1008 2219 1164 2253 anno
1209 2202 1363 2269 959-‚
1390 2221 1502 2274 quo
1553 2204 1726 2275 plane
1785 2202 2007 2255 calculo
2058 2203 2144 2255 uti
2209 2201 2303 2255 hic
2348 2214 2536 2259 noster
2573 2201 2735 2252 solet.

681 2268 964 2324 Cedrsnus
1016 2287 1195 2333 vero,
1256 2283 1311 2323 et
1370 2286 1497 2344 post
1557 2275 1719 2326 illum
1780 2274 2075 2334 Zonaras,
2133 2269 2360 2325 tradere
2426 2268 2734 2331 videntur,

675 2342 1101 2395 Constantinum
1138 2341 1433 2411 imperasse
1484 2362 1606 2398 cum
1646 2354 1842 2413 patre,
1898 2356 2103 2413 patruo
2146 2354 2202 2395 et
2224 2355 2400 2396 matre
2438 2356 2619 2394 aranos
2651 2342 2735 2393 13.

675 2413 942 2466 nimirum
985 2428 1157 2481 usque
1206 2409 1289 2465 ad
1317 2431 1459 2483 919„
1508 2415 1776 2490 quoniam
1818 2414 2029 2468 vixisse
2065 2411 2223 2466 illum
2260 2424 2518 2467 asser-unt
2551 2428 2738 2464 annos

674 2483 782 2551 54„
819 2502 1001 2536 annos
1022 2482 1238 2537 scilicet
1278 2485 1436 2539 vitae
1471 2499 1529 2539 et
1575 2486 1799 2567 imper-ii
1837 2481 2258 2555 confundentes.
2330 2484 2490 2554 Quae
2526 2480 2736 2534 doctis-

675 2553 801 2606 simi
838 2554 942 2607 viri
984 2556 1261 2606 sententia
1303 2555 1473 2624 magis
1517 2555 1655 2606 mihi
1704 2554 2004 2625 probatur,
2038 2570 2203 2624 quam
2250 2553 2348 2605 illa
2391 2553 2574 2621 Rugii,
2628 2550 2735 2635 qui

672 2622 932 2676 ultimum
962 2623 1308 2677 Constantini
1332 2642 1550 2677 annum
1592 2641 1750 2678 aerae
1779 2626 2020 2693 vulgaris
2047 2624 2522 2693 nongentesimum
2563 2639 2736 2693 qum-

675 2695 1050 2765 quagesimum
1098 2702 1381 2760 octavum,
1418 2697 1782 2749 indictionem
1820 2697 2086 2765 primam,
2120 2711 2274 2759 esse,
2314 2692 2616 2747 contendit.
2668 2692 2734 2745 Si

671 2766 825 2817 enim
870 2773 1031 2817 natus
1076 2764 1197 2834 ipse
1249 2774 1335 2818 est
1378 2783 1522 2821 anno
1576 2769 1729 2836 905.,
1767 2765 2257 2836 quinquagesimus
2300 2773 2524 2837 quartus
2573 2770 2733 2815 setu-

669 2837 746 2888 tis
794 2844 940 2889 certe
984 2837 1045 2898 in
1089 2852 1295 2888 annum
1353 2839 1476 2908 959.
1520 2846 1620 2889 aut
1651 2837 1838 2906 potius
1877 2839 2001 2906 960.
2044 2837 2368 2899 ineuntem,
2432 2832 2736 2886 secundum

674 2905 1008 2960 Graecorum
1056 2915 1409 2976 computum,
1446 2908 1676 2972 incidit,
1732 2923 1855 2959 cum
1903 2904 2200 2959 Novembri
2246 2922 2434 2959 mense
2478 2904 2734 2958 decesse-

673 2977 762 3028 rit.
838 2975 1095 3030 Ceterum
1149 2976 1441 3046 scriptores
1467 3017 1483 3042 ,
1559 2978 1977 3032 Constantinum
2035 2975 2299 3028 tredecim
2372 2993 2545 3029 annos
2606 2967 2733 3028 cum

670 3047 863 3100 Leone
923 3064 1209 3118 regnasse,
1257 3049 1684 3113 contendentes,
1751 3056 1997 3116 tempora
2045 3064 2158 3099 non
2208 3045 2561 3112 confudisse,
2630 3045 2736 3098 sed

671 3118 744 3170 ab
780 3134 847 3172 eo
889 3135 1067 3182 0000,
1109 3134 1219 3188 quo
1275 3118 1344 3171 ab
1393 3119 1692 3187 Euthymio
1741 3117 2052 3190 patriarcha
2086 3124 2377 3171 coronatus
2420 3119 2563 3182 suit,
2621 3134 2736 3170 nu-

678 3204 918 3241 merasse
976 3188 1250 3242 videntur.
2489 3191 2494 3196 ‘
2671 3193 2678 3206 ³

577 3256 634 3327 ι)
670 3259 986 3318 Continuat-
1046 3258 1296 3329 Theoph.
1349 3278 1405 3331 p.
1429 3278 1554 3329 ²9²·
1621 3259 1862 3312 Banduri
1909 3260 2206 3328 Imperium
2269 3258 2518 3312 orientis.
2569 3256 2635 3311 T.
2682 3255 2730 3312 1.

673 3349 728 3401 p.
756 3347 868 3382 121.
984 3335 1045 3392 2)
1064 3329 1192 3382 Eius
1227 3331 1372 3383 enim
1398 3339 1580 3383 aetate
1595 3331 1647 3384 S.
1669 3331 1925 3399 Gregorii
1955 3330 2228 3415 reliquiae
2264 3329 2533 3383 Nazianzo
2577 3326 2734 3379 Con-

674 3400 1077 3467 stuntinopolin
1132 3399 1416 3454 traductae
1446 3408 1591 3454 sunt.
1627 3402 1692 3454 V.
1717 3402 1958 3454 Graecus
1982 3409 2218 3470 scriptor
2263 3418 2327 3453 ex
2356 3400 2544 3453 codice
2571 3398 2734 3450 ducis

676 3469 987 3524 sabaudiae
1034 3468 1096 3520 in
1139 3469 1254 3524 Act.
1308 3471 1400 3525 SS.
1450 3472 1523 3525 sd
1559 3471 1614 3524 d.
1659 3491 1709 3544 9.
1781 3472 1918 3524 Maii
1976 3470 2159 3524 editus
2204 3489 2256 3542 p.
2310 3469 2435 3540 448,
2493 3485 2611 3540 sqq.
2671 3469 2730 3521 S.

675 3542 848 3593 etiam
905 3540 1127 3593 Ioannis
1187 3557 1380 3594 manus
1419 3542 1478 3595 in
1513 3544 1782 3611 palatium
1823 3544 1930 3595 ritu
1968 3542 2184 3594 solenni
2237 3542 2393 3594 illata
2438 3548 2535 3592 est.
2590 3539 2732 3592 Acta.

675 3611 768 3663 SS.
814 3610 885 3663 ad
928 3611 980 3664 d.
1039 3628 1124 3680 29.
1170 3611 1417 3682 Augusti.
1529 3615 1587 3680 3)
1623 3612 1873 3682 Theoph.
1917 3611 2136 3666 contin.
2214 3652 2228 3668 .
2263 3615 2381 3665 280.
2421 3611 2542 3678 084.
2585 3639 2594 3648 ·
2663 3611 2728 3678 4)

676 3681 949 3734 Graecum
971 3697 1185 3733 carmen
1218 3684 1431 3737 colosso
1463 3685 1788 3753 inscriptum
1824 3683 2132 3736 Bandurius
2157 3630 2565 3754 Kntiquitstum
2585 3678 2726 3732 CSP.

672 3751 737 3807 1..
766 3768 821 3822 p.
847 3755 963 3808 181.
990 3751 1190 3810 edidit.
1211 3753 1310 3805 ubi
1340 3771 1558 3808 versum
1589 3753 1890 3808 secundum
1926 3758 1984 3806 et
2011 3762 2334 3825 sequentem
2355 3753 2435 3817 ita
2475 3749 2728 3806 adduxit:

932 3853 1007 3864 —
1036 3852 1108 3864 —
1138 3823 1584 3883 Κωνσταντῖνος
1629 3829 1741 3879 νῦν
1792 3821 2073 3888 δεσπότης

931 3880 1018 3946 025
1060 3892 1360 3964 ‘Pwpaoevdc
1394 3901 1534 3952 παῖς
1567 3892 1707 3957 δόξα
1741 3895 1843 3952 τῆς
1887 3892 2274 3961 σκηπτουχίας

931 3966 1212 4032 Κρεϊττον
1258 3971 1530 4035 renueret
1566 3971 1667 4031 ῐῆς
1697 3963 1883 4019 πάλαι
1922 3966 2192 4034 θεωρίας.

673 4032 758 4083 Ita
793 4032 1114 4088 Bandurius.
1191 4035 1265 4088 At
1313 4036 1565 4105 Gyllius,
1602 4040 1699 4109 qui
1755 4036 1826 4090 de
1868 4033 2062 4089 eodem
2109 4035 2171 4087 in
2212 4034 2600 4105 'topographia
2619 4033 2725 4085 Ur-

672 4101 763 4157 bis
812 4102 870 4154 L·
917 4104 993 4159 11.
1047 4123 1096 4163 c.
1148 4126 1226 4165 ιιι.
1282 4108 1471 4159 multis
1509 4109 1656 4179 agit,
1702 4108 1785 4159 ita
1829 4105 2086 4159 exhibet:
2139 4108 2577 4162 Κωνσταντῖνος
2630 4100 2728 4156 δε-

676 4169 891 4241 σπότης
938 4173 971 4228 ὁ
1000 4172 1297 4253 Ῥωμάνοῦ
1343 4184 1518 4258 trare,
1578 4186 1642 4234 ut
1690 4176 1923 4236 dubium
1962 4180 2037 4235 sit
2055 4216 2074 4244 ,
2133 4194 2320 4233 annon
2371 4176 2648 4231 obeliscus
2691 4191 2728 4230 a
