3050 4900
346 0 585 37 vnvm
628 0 799 34 ··”··¹⁷
844 0 1212 37 rwlwvmw⁷
1256 0 1468 34 νιν-Μ’*
1507 0 1761 35 'ww-⁹·
1803 0 1890 27 ⁰⁹³
1947 0 2122 40 '⁹2¹⁹'
2165 0 2410 36 rwlw‘w·
2455 0 2531 25 v·

348 49 655 136 βεδούρια
694 51 913 130 χαλκοῖ
948 46 1200 134 γανωτοὶ
1238 48 1318 132 β’.
1377 46 1520 137 ἱεροὶ
1566 53 1677 135 τῆς
1715 51 2063 137 ἐκκλησίας,
2113 51 2196 137 ἢν
2235 55 2533 139 ἐπιφέρε-

346 176 453 216 ται
490 148 523 217 ὃ
558 147 1029 235 μινσουράτωρ.
1103 154 1356 232 βιβλία·
1427 151 1470 235 ἦ
1512 148 1860 216 ἀκολουθία
1897 155 2010 236 τῆς
2047 154 2392 237 ἐκκλησίας,
2430 157 2536 236 βι-

306 252 501 334 5βλία
548 245 954 336 στρατηγικοὶ,
997 252 1218 333 βιβλία
1252 247 1602 335 μηχανικὰ,
1643 245 1961 326 ἑλεπόλεις
2000 248 2242 336 ἔχοντα,
2282 253 2393 316 καί
2429 258 2539 336 βε-

344 346 634 415 λοποιϊκοί
681 350 793 412 καί
846 349 941 412 ἓτε
962 372 1048 431 ρα
1090 343 1372 434 ἅρμόδια
1411 351 1493 436 τῇ
1534 345 1859 432 ὑποθέσει,
1913 342 2108 434 ἤγουν
2147 349 2308 437 πρὸς
2347 355 2534 417 πολέ-

343 470 511 530 μους
549 448 663 511 καί
697 450 1213 532 καστρομαχίας·
1291 449 1512 530 βιβλία
1554 444 1839 532 ἱστορικὰ
1858 498 1880 530 ,
1936 449 2266 535 ἐξαιρέτως
2306 452 2378 515 δὲ
2417 446 2532 516 τὸν

346 546 721 612 Πολύαινον
761 543 876 611 καί
910 542 1020 611 τὸν
1059 541 1413 632 Συριανόν·
1493 548 1740 629 βιβλίον
1776 542 1885 611 τὸν
1928 549 2385 634 ὅνειροκρίτην·
2425 555 2531 634 βι-

344 645 523 729 βλίον
563 642 1132 729 συναντηματικόν·
1209 646 1455 728 βιβλίον
1491 643 1561 710 τὸ
1625 648 1917 730 περιέχον
1944 649 2092 733 περί
2130 647 2378 724 εὔδείας
2416 651 2530 714 καὶ

266 746 653 829 ιοχειμῶνος
708 745 824 808 καί
881 740 1112 830 ζάλης,
1170 745 1362 809 setosi
1414 768 1486 807 τε
1552 742 1661 808 καὶ
1714 744 2056 830 ἀστραπῶν
2095 748 2208 810 καί
2241 751 2525 833 βροντῶν
2540 757 2818 835 Ed.L.27o

341 845 457 908 καὶ
490 842 741 924 οἷνέμων
785 843 1135 938 ἐπιφορᾶς·
1205 839 1383 929 ’πρὸς
1433 839 1676 919 τούτοις
1728 840 2163 929 βροντολόγιον
2225 847 2340 910 καί
2390 870 2525 912 σει-

336 939 692 1025 σμολόγιον,
736 943 851 1007 καὶ
885 944 1093 1028 ἕτερα,
1142 935 1265 1007 ὅσα
1302 946 1816 1028 παρατηροῦνται
1859 940 1919 1007 οἱ
1943 944 2316 1010 πλευοτικοί.
2357 947 2523 1010 ἰστέ-

339 1066 411 1107 ον
451 1044 562 1123 δὲ,
628 1037 729 1107 ὅτι
768 1044 1056 1107 τοιοῦτον
1093 1042 1340 1125 βιβλίον
1379 1041 1812 1128 ἕφιλοπονὴθη
1866 1046 1978 1107 καί
2016 1046 2088 1108 ἐκ
2127 1048 2373 1110 πολλῶν
2410 1050 2516 1129 βι-

334 1143 533 1224 βλίων
588 1140 903 1226 ἤρανίσθη
955 1146 1114 1227 παρ’
1178 1144 1339 1222 ἐμοῦ
1379 1142 1872 1207 Κωνσταντίνου
1914 1144 1982 1208 ἐν
2026 1147 2287 1231 Χριστῷ
2324 1149 2512 1226 βασι-

251 1247 444 1316 ιὸλεῖ
477 1241 706 1329 αἰωνίῳ
765 1243 1077 1324 βασιλέως
1128 1239 1503 1323 ςΡωμαίων.
1585 1238 1859 1323 ἐπεύχια
1916 1242 2244 1329 φουνδάτα
2296 1246 2386 1317 εἰς
2422 1242 2513 1308 ’τὰ

322 1334 793 1425 χαμόκουμβα,
851 1339 956 1405 ἵνα
997 1339 1433 1406 ἀναπαύονται
1477 1336 1540 1402 οἱ
1579 1343 1788 1426 φίλοι,
1832 1334 1991 1426 ἅπερ
2034 1343 2147 1405 καί
2185 1340 2515 1428 προείρην-

320 1463 434 1505 ται
474 1441 566 1515 εἰς
616 1436 730 1523 τὴν
788 1436 1040 1504 ἔκθεσιν
1102 1441 1218 1503 τοῦ
1257 1434 1826 1524 μινσουράτωρος,
1893 1435 1989 1505 ὅτι
2046 1438 2325 1505 δίδονται
2383 1438 2507 1505 ἀπὸ

317 1541 442 1604 τοῦ
478 1541 817 1621 βασιλικοῦ
854 1539 1223 1625 βεστιαριῢυ
1242 1563 1264 1583 ·
1344 1535 1695 1623 θηριάκην,
1762 1538 2000 1621 ἡνίτζιν
2020 1589 2042 1622 ,
2109 1541 2296 1624 ἕτερα
2339 1540 2560 1626 ἄντι-Β

320 1632 640 1726 φάρμακα
690 1634 1005 1704 σκευαστὰ
1048 1637 1164 1702 καὶ
1198 1637 1498 1721 μονοειδῆ
1541 1634 1649 1701 διὰ
1689 1633 1842 1713 τούς
1885 1641 2506 1725 φαρμακευομένους.

312 1888 635 1957 stillaticia]
673 1897 731 1942 et
779 1906 922 1960 aqua
969 1897 1337 1942 asservantur:
1377 1906 1612 1959 quorum
1653 1906 1824 1942 unum
1858 1904 2084 1957 parvum
2119 1894 2393 1944 vasculum
2415 1890 2500 1943 οἶ-

306 1960 449 2013 bam
486 1959 847 2023 oenantham,
885 1959 993 2012 ‹luo
1030 1978 1222 2031 magna
1261 1960 1641 2029 rhodostagma
1679 1969 1736 2013 et
1790 1962 2039 2030 quinque
2072 1979 2262 2031 magna
2301 1978 2498 2032 aquam

306 2032 624 2084 continent.
697 2032 834 2083 Item
872 2030 1106 2083 beduria
1159 2038 1413 2099 argentea
1468 2048 1568 2101 pro
1623 2047 1765 2100 aqua
1800 2030 2084 2083 condenda
2131 2033 2259 2090 duo.
2328 2038 2497 2087 Asco-

306 2101 518 2153 dablae
554 2118 649 2152 seu
691 2110 839 2154 utres
875 2101 1030 2165 varii,
1074 2102 1254 2170 magni
1295 2103 1592 2171 parvique;
1641 2102 1748 2152 alia
1788 2101 2169 2168 psycbristaria
2206 2120 2301 2154 seu
2343 2103 2497 2170 frigi-

308 2171 506 2231 daria‘,
551 2169 620 2221 ad
659 2171 882 2223 sormam
921 2172 1300 2239 amphorarum
1339 2170 1510 2233 facta,
1549 2188 1718 2223 aenea
1754 2179 2004 2222 stannata
2037 2189 2228 2242 magna
2263 2181 2496 2242 quatuor

306 2257 410 2312 pro
450 2257 596 2310 aqua
633 2240 950 2294 condenda:
1003 2242 1233 2294 beduria
1269 2257 1439 2293 aenea
1472 2250 1721 2293 stannata
1758 2240 1883 2291 duo.
1957 2242 2115 2293 Sacra
2152 2261 2275 2295 vasa
2313 2244 2496 2294 eccle-

305 2313 428 2363 siae
469 2312 654 2374 illius,
710 2328 874 2381 quam
929 2320 1269 2375 mensal-ator
1316 2326 1497 2361 secum
1539 2312 1672 2378 sert3
1728 2312 1864 2362 item
1913 2312 2124 2364 codices
2159 2312 2248 2364 hi:
2291 2313 2491 2365 rituale

305 2383 775 2445 ecclesiasticum3
812 2382 943 2434 libri
983 2390 1151 2433 artem
1173 2381 1401 2452 regendi
1438 2383 1706 2434 exercitus
1743 2380 1988 2450 bellique
2026 2382 2249 2452 gerendi
2284 2383 2492 2434 docen-

302 2461 428 2520 tes,
490 2455 626 2506 item
675 2452 807 2506 libri
861 2453 1197 2518 mechanici,
1290 2452 1452 2504 uibus
1508 2461 1648 2505 artes
1687 2460 1744 2504 et
1779 2454 2143 2504 instrumenta
2187 2453 2488 2522 capienda-

297 2542 421 2578 rum
484 2525 705 2578 urbium
760 2534 818 2577 et
858 2526 1092 2577 telorum
1146 2542 1245 2576 con
1274 2524 1415 2574 ectio
1464 2532 1629 2593 atque
1683 2521 1990 2574 eiaculandi
2046 2523 2239 2574 modus
2278 2523 2487 2575 descri-

289 2595 799 2665 bunturpaliaque
834 2595 1111 2665 proposito
1148 2594 1444 2664 praesenti,
1476 2594 1536 2644 id
1575 2601 1658 2645 est
1692 2593 2033 2660 expeditioni
2065 2595 2309 2656 militari,
2346 2611 2484 2646 con·
2568 2618 2574 2627 ·

327 2685 424 2718 rua
458 2675 525 2718 et
546 2668 744 2728 utilia,
780 2675 843 2718 ut
880 2663 948 2716 de
985 2664 1147 2717 bellis
1183 2672 1401 2734 agentes
1456 2671 1512 2714 et
1543 2663 1613 2715 de
1643 2665 1855 2715 ratione
1894 2671 2064 2715 castra
2096 2663 2477 2734 oppugnandi;

289 2685 551 2789 {istm-ici
589 2754 699 2807 quo
743 2754 841 2800 ue,
873 2737 1166 2807 praecipue
1199 2735 1497 2801 Polyaenus
1523 2743 1580 2786 et
1604 2734 1876 2800 syrianus.
1902 2732 2068 2785 Liber
2088 2733 2477 2804 [Artemidori]

296 2807 676 2860 Oneirocrites
752 2809 920 2871 ictus,
958 2823 1053 2857 seu
1090 2804 1158 2857 de
1210 2805 1540 2874 somniorum
1586 2805 2063 2872 interpretatione3
2101 2805 2240 2857 alius
2273 2821 2479 2871 synan-

293 2880 588 2930 tcmaticus
623 2896 720 2931 seu
762 2878 832 2931 de
886 2876 1194 2938 ominibus,
1244 2893 1384 2945 quae
1421 2876 1709 2944 capiuntur
1744 2891 1773 2926 e
1820 2874 1984 2927 rebus
2044 2874 2179 2926 vivis
2240 2878 2474 2930 mutisve

294 2945 443 2998 foras
479 2947 779 3015 prodeunti
827 2957 923 3001 aut
959 2946 1172 3017 aliquid
1205 2946 1518 2998 instituenti
1603 2948 1798 2997 timum
1832 2946 2276 3009 occurrentibus3
2311 2947 2472 3010 alius,

295 3018 400 3085 qui
437 3016 508 3070 de
546 3020 956 3087 tempestatibus
987 3020 1100 3088 agit
1130 3020 1428 3087 signisque,
1466 2963 1667 3086 quibus
1702 3017 1908 3068 instans
1945 3023 2040 3067 aut
2079 3017 2339 3069 serenitas
2373 3025 2473 3070 aut

292 3092 628 3155 tempestas,
662 3107 756 3141 seu
794 3090 1063 3143 terrestris
1087 3127 1104 3151 ‚
1153 3104 1249 3140 seu
1286 3091 1525 3151 marina,
1574 3089 1950 3156 cognoscitur,
1997 3085 2066 3138 de
2103 3087 2317 3157 pluvia,
2352 3085 2468 3139 sul-

292 3157 577 3219 minibus,
629 3162 867 3225 tonitru,
930 3161 1143 3222 ventis,
1190 3166 1366 3210 terrae
1418 3156 1660 3210 motibus
1736 3157 2004 3227 aliisque,
2076 3174 2214 3227 quae
2264 3167 2466 3212 nautae

290 3227 482 3281 solent
516 3228 819 3283 observare.
901 3227 1096 3282 Talem
1138 3228 1339 3280 librum
1380 3246 1507 3299 ego,
1555 3228 1941 3281 Constantinus
1965 3266 1980 3289 ,
2021 3229 2081 3280 in
2117 3226 2333 3281 Christo
2366 3246 2463 3282 ae-

288 3303 455 3352 terno
494 3300 637 3368 Rege
680 3300 791 3351 Rex
824 3302 1204 3362 Romanorum,
1238 3317 1428 3369 magno
1462 3297 1645 3351 studio
1681 3299 1860 3351 multis
1898 3316 1927 3349 e
1965 3297 2118 3350 libris
2158 3299 2464 3368 compilavi.

284 3365 479 3423 Debet
517 3387 679 3439 porro
716 3373 1029 3423 vestiarium
1066 3370 1272 3441 regium
1313 3379 1523 3439 tapetes
1570 3385 1788 3440 quoque
1825 3369 1967 3421 ferre
2003 3369 2258 3422 fundatos
2280 3407 2294 3431 ,
2332 3369 2464 3438 qui-

283 3437 392 3493 bus
432 3442 691 3494 convivae
727 3441 865 3510 regii
903 3442 1200 3505 incubent3
1238 3440 1308 3492 de
1352 3441 1554 3511 quibus
1595 3440 1929 3492 mentionem
1968 3442 2250 3507 superiore
2287 3441 2461 3508 capite

281 3517 393 3570 iam
430 3516 683 3577 fecimus,
732 3530 899 3583 quum
945 3530 1007 3565 ea
1039 3527 1516 3583 percenseremus,
1563 3527 1705 3580 quae
1747 3509 1817 3563 ad
1854 3513 2237 3562 mensuratoris
2275 3527 2460 3562 curam

283 3596 571 3662 spectant,
608 3585 886 3648 dicentes,
922 3601 984 3636 ea
1025 3585 1130 3654 ipsi
1169 3599 1200 3635 e
1244 3585 1393 3652 regio
1434 3583 1686 3637 vestiario
1724 3581 2079 3651 suppeditari.
2150 3581 2280 3634 Fert
2315 3597 2459 3652 quo-
