3050 4900
406 187 432 196 ’
644 217 753 283 1>ss
811 214 1202 282 nmmos.
1260 212 1532 280 Annus
1587 214 1927 281 sYzAN‘r.
1990 221 2071 281 η.
2113 217 2175 289 5.
2341 184 2499 275 531

335 377 463 457 λον,
502 375 617 438 καί
657 375 1102 451 προσκαλεῖται
1138 361 1292 440 τούς
1329 370 1793 450 μητροπολίτας
1832 372 1941 435 καί
1981 363 2565 455 άρχιεπισκόπουςο

332 472 486 549 τοὺς
528 470 685 537 κατὰ
733 465 845 532 τὸν
884 463 1020 530 τότε
1062 461 1285 549 καιρὸν
1329 465 1758 545 ἐνδημοῦντας
1797 471 1878 553 τῇ
1922 466 2136 550 πόλει,
2198 467 2309 532 καί
2351 470 2814 549 λέγειΜι.ι8ο.Ιι

336 569 499 657 πρὸς
537 564 807 641 αὐτούς·
890 563 970 645 ,,ὁ
1009 559 1309 646 βασιλεὺς
1353 559 1545 645 ἤμῶν
1589 561 1625 626 o‘
1669 559 1846 647 ἅγιος
1904 566 2135 632 θεόθεν
2194 565 2525 652 ὁδηγηθείς

336 675 558 737 τοῦτον
605 663 985 753 προεβάλετο
1029 663 1364 744 σύγκελλον
1389 665 1438 705 ·”
1541 665 1655 728 καί
1713 666 2237 750 άπευχαριστῶσι
2300 666 2524 742 πάντες

301 767 454 834 ὅκαί
497 768 879 850 ἐξέρχονται.
966 753 1103 825 εἶτα
1148 760 1385 826 κελεύει
1425 760 1460 827 ὅ
1502 762 1905 850 πατριάρχης
1949 766 2218 848 τεθῆναι
2258 763 2525 848 σκαμνί-

340 892 409 935 ον
464 863 685 950 μικρὸν
739 862 830 937 εἰς
888 857 959 925 τὸ
1039 857 1368 942 εὐώνυμον
1457 861 1665 927 αὑτοῦ
1719 868 1916 947 μέρος
1993 861 2346 928 άποκοπτὸν
2397 868 2524 931 τῶν

341 967 637 1046 σκάμνων
682 963 808 1027 τῶν
849 963 1367 1045 μητροπολιταῖν.
1452 962 1516 1026 εἰ
1570 963 1641 1026 δὲ
1682 961 1845 1049 τύχῃ
1914 958 2076 1026 εἶναι
2117 966 2328 1046 ἓτερον
2367 963 2525 1046 ‹tv'y-

340 1071 537 1145 κελρν,
579 1063 826 1127 τίθεται
866 1057 940 1125 τὰ
985 1062 1274 1124 τοιοῦτον
1307 1061 1613 1142 σκαμνίον
1640 1062 1731 1138 εἰς
1770 1061 1843 1126 τὸ
1890 1058 2096 1141 δεξιὸν
2132 1065 2327 1147 μέρος
2367 1058 2524 1126 dno-

340 1160 599 1230 κοπτόν.
640 1208 645 1217 .
682 1156 789 1224 άεί
820 1154 941 1245 γάρ
994 1156 1055 1223 οἱ
1097 1148 1385 1243 σῦγκελοι
1425 1163 1950 1248 προεισέρχονται
1990 1162 2116 1226 τῶν
2149 1167 2529 1248 μητροπολι-

272 1252 468 1329 ιοτῶν
512 1263 603 1340 εἰς
638 1257 706 1326 τὰ
761 1267 1222 1345 πατριαρχεῖον
1272 1261 1385 1324 καί
1428 1264 1804 1341 καθέζονται
1859 1260 2220 1326 άποκοπτοί.
2301 1263 2593 1344 ἰστέον,])

347 1358 447 1429 ὅτι
507 1363 578 1426 ἕν
635 1368 774 1433 ταῖς
832 1355 1140 1441 μεγάλαις
1198 1357 1640 1444 προελεύσεσιν
1691 1356 1806 1424 οὔκ
1862 1364 1955 1436 εἰς
2007 1358 2208 1449 μικροὶ
2254 1361 2530 1443 σκαμνία

347 1463 724 1551 καθέζονται
764 1455 822 1521 οἱ
860 1454 1170 1541 σύγκελοι,
1216 1451 1351 1522 ἄλλ’
1394 1460 1464 1523 ἐν
1489 1468 1639 1534 ,τοῖς
1682 1462 1866 1535 ἰδίοις
1907 1460 2194 1541 σελλιὀις,
2242 1461 2533 1545 δηλονότι

341 1564 411 1627 ἓν
453 1569 584 1633 τοῖς
625 1558 740 1621 τοῦ
783 1551 1184 1643 πατριάρχου
1229 1561 1564 1643 σεκρέτοις,
1617 1557 1770 1643 οὖχί
1808 1561 1877 1623 δὲ
1922 1562 2037 1623 τοῦ
2069 1560 2380 1643 βασιλέως
2408 1585 2533 1624 πα-

342 1659 573 1747 ρόντος.
658 1655 766 1720 ε’πί
794 1653 914 1741 γάρ
959 1660 1281 1745 παρουσίᾳ
1320 1661 1637 1740 βασιλέως
1680 1655 1963 1724 κάτωθεν
2004 1664 2130 1723 τῶν
2166 1656 2533 1744 μαγίοτρων

273 1759 726 1836 ιόκαθέζονται
770 1757 837 1820 ἐν
876 1763 1006 1834 τοῖς
1045 1761 1601 1844 μακροσκαμνίοις.
1670 1760 1783 1822 καί
1821 1763 1888 1824 ἐν
1927 1760 2013 1847 τῷ
2049 1759 2303 1839 μέλλειν
2343 1757 2533 1821 εἰσιέ-

344 1883 455 1925 ναι
493 1855 643 1933 τούς
687 1859 1151 1943 μητροπολίτας
1192 1852 1307 1941 τὴν
1345 1859 1458 1922 τοῦ
1508 1860 1806 1946 σεκρέτου
1849 1858 2090 1943 πύλην,
2165 1850 2534 1922 άνίστανται

341 1961 470 2024 τῶν
511 1957 809 2038 σκάμνων
860 1953 921 2020 οἱ
964 1951 1293 2041 σύγκελοι,
1335 1959 1447 2022 καί
1486 1960 1616 2023 τῶν
1653 1959 2127 2044 μητροπολιτῶν
2167 1957 2535 2042 εἰσερχομέ-

343 2082 505 2141 νων,
564 2052 1267 2142 εὖρίσκουσιναιῖτούς
1323 2057 1560 2138 ἐκεῖσε,
1616 2057 1727 2121 καί
1776 2057 2015 2121 κελεύει
2054 2053 2535 2143 ἃπατριάρχης

343 2158 742 2241 καθεσθῆναι
792 2152 941 2231 τούς
1001 2157 1382 2240 συγκέλους.
1465 2156 1577 2222 καί
1626 2156 1819 2222 πάλιν
1872 2160 2265 2241 εἰσέρχονται
2306 2156 2363 2218 οἱ
2403 2180 2530 2239 μη-

266 2261 710 2340 αοτροπολῖται
755 2257 864 2319 καί
902 2251 961 2318 οἶ
1002 2249 1480 2342 άρχιεπίσκοποι
1522 2256 1676 2322 κατά
1722 2252 1796 2320 τὸ
1841 2252 2196 2343 εἰωθὸς“τῇ
2241 2258 2631 2338 §aeneaque-Ed,
2648 2270 2705 2325 1..
2725 2273 2824 2343 307

351 2356 578 2444 αστικῇ
631 2350 1048 2426 καταστάσει.
1133 2360 1261 2419 τῶν
1309 2357 1379 2420 δὲ
1434 2360 1921 2442 μητροπολιτῶν
1977 2352 2092 2439 τήν
2159 2354 2363 2440 πύλην
2423 2356 2536 2419 τοῦ

349 2456 639 2543 σεκρέτου
682 2450 1042 2538 μελλόντων
1084 2458 1384 2540 εἰσιέναι,
1458 2456 1826 2523 ἀνίστανται
1892 2450 2014 2522 dud
2059 2454 2185 2519 τῶν
2236 2453 2538 2536 σκάμνων

352 2553 411 2620 οἱ
450 2554 816 2640 σύγκελλοι,
858 2553 971 2621 καί
1010 2557 1313 2622 ἵστανται·
1395 2561 1508 2622 καί
1547 2559 1942 2643 εἰσέρχονται
1981 2555 2240 2635 πάντες,
2281 2553 2394 2618 καί
2431 2579 2536 2618 κε-

351 2650 564 2720 λεύσει
602 2658 720 2719 τοῦ
761 2656 1170 2742 πατριάρχου
1209 2655 1583 2736 καθέζονται
1621 2659 1687 2721 οἳ
1720 2680 1787 2722 τε
1836 2654 2123 2740 σύγκελοι
2164 2656 2276 2719 καί
2312 2652 2372 2720 οἱ
2411 2679 2537 2739 μη·-

491 2788 539 2843 5.
578 2791 818 2855 τεθῆναι
854 2792 996 2844 coni.
1037 2792 1133 2857 R„
1170 2797 1400 2846 τεθεῖνα
1434 2790 1554 2846 cod.

351 2893 733 2964 significatque
778 2893 957 2963 ipsis:
1002 2896 1349 2949 Venerabilis
1388 2910 1441 2951 et
1499 2906 1723 2949 sanctus
1774 2895 2084 2965 Imperator
2116 2906 2305 2947 noster·
2335 2911 2369 2945 a
2416 2891 2534 2946 Deo

352 2964 601 3019 directus
634 2978 688 3017 et
735 2966 1089 3019 illuminatus
1130 2966 1277 3020 hunc
1322 2969 1498 3019 vir-um
1545 2969 1850 3034 syncellum
1886 2967 2123 3020 creavit.
2195 2964 2257 3015 ld
2296 2962 2536 3014 audien-

348 3044 433 3087 tes
470 3052 658 3087 omnes
698 3036 1022 3105 Imperatori
1067 3039 1266 3106 gratias
1304 3049 1471 3107 agunt
1506 3047 1562 3090 ct
1607 3046 1821 3090 exeunt
1914 3035 2130 3088 Deinde
2171 3034 2330 3086 iubet
2363 3037 2535 3103 patri-

352 3106 515 3158 archa
569 3122 845 3159 scamnum
893 3122 1119 3177 parvum
1170 3105 1240 3159 ad
1281 3126 1432 3161 suam
1506 3109 1783 3160 sinistram
1838 3106 2094 3159 collocari
2150 3113 2459 3174 separatum
2502 3121 2535 3155 a

352 3178 585 3229 scamnis
653 3180 1145 3247 metropolitarum.
1232 3179 1446 3248 Quodsi
1495 3196 1624 3232 vero
1679 3177 1857 3230 adhuc
1889 3176 2029 3229 alius
2070 3175 2214 3226 adsit
2260 3173 2532 3242 syncellus

359 3246 605 3320 [alterius
643 3249 1029 3321 patriar-chael,
1068 3250 1367 3303 collocatur
1402 3251 1546 3304 illud
1584 3264 1860 3302 scamnum
1885 3267 1915 3301 a
1951 3248 2140 3299 dextra
2190 3243 2534 3317 patriarchae

355 3320 595 3371 seorsim.
671 3320 897 3389 Semper
940 3322 1125 3384 enim,
1172 3328 1236 3372 ut
1279 3324 1431 3392 prius
1481 3321 1865 3390 ingrediuntur
1919 3320 2147 3385 syncelli
2194 3319 2253 3369 in
2300 3319 2536 3387 patriar-

356 3387 542 3452 chale,
581 3405 742 3460 quam
778 3391 1164 3460 metropolitae
1187 3430 1201 3452 ,
1239 3391 1316 3444 ita
1354 3395 1517 3445 etiam
1565 3391 1757 3443 sedent
1795 3390 1864 3441 ab
1914 3389 1980 3440 iis
2016 3390 2262 3446 seorsim.
2322 3388 2536 3457 Magnis

356 3459 415 3508 in
453 3461 889 3526 processionibus
929 3459 1170 3514 resident
1208 3463 1433 3529 syncelli
1473 3479 1583 3513 non
1617 3465 1677 3515 in
1705 3460 1878 3531 parvis
1914 3461 2164 3524 scamnis,
2197 3458 2293 3511 sed
2328 3460 2386 3509 in
2421 3458 2533 3509 suis

355 3528 540 3595 sellis3
574 3532 783 3583 scilicet
820 3532 878 3582 in
918 3534 1142 3585 secretis
1179 3534 1520 3603 patriarchae
1561 3541 1772 3586 tantum
1795 3571 1809 3595 ,
1844 3532 2175 3601 imperatore
2219 3547 2329 3581 non
2372 3547 2534 3599 prae-

358 3607 528 3650 sente.
609 3602 681 3651 At
720 3619 784 3653 eo
816 3612 1123 3671 praesente,
1158 3605 1353 3657 sedent
1389 3605 1532 3657 infra
1569 3605 1850 3673 magistros
1890 3606 1947 3653 in
1986 3601 2398 3652 macroscamnis
2446 3597 2535 3651 vel

271 3685 280 3706 ι
356 3669 532 3738 longis
567 3674 813 3723 scamnis.
883 3674 950 3726 Et
1000 3674 1217 3745 quando
1272 3678 1330 3727 in
1376 3693 1439 3728 eo
1490 3684 1620 3727 sunt
1669 3673 2088 3742 metropolitae,
2135 3678 2197 3722 ut
2249 3674 2310 3723 in
2357 3686 2536 3723 scere⁴

355 3747 473 3791 tum
508 3743 769 3804 veniant,
818 3754 1046 3813 surgunt
1087 3746 1316 3813 syncelli
1353 3764 1383 3798 e
1420 3745 1652 3797 scamnis
1690 3745 1831 3807 suis,
1879 3751 1935 3795 et
1984 3750 2276 3795 occurrunt
2320 3743 2533 3793 intran-

355 3810 507 3862 tibus
549 3813 910 3879 metropolitis
947 3816 1004 3867 in
1044 3816 1177 3886 ipsis
1210 3815 1420 3869 foribus
1458 3816 1698 3880 secreti,
1738 3822 1795 3867 et
1830 3814 2089 3882 deinceps
2129 3829 2311 3864 rursus
2367 3830 2397 3864 a
2435 3829 2534 3881 pa-

354 3880 595 3933 triarcha
629 3882 760 3934 iussi
798 3885 1098 3938 consident.
1170 3887 1239 3940 Et
1276 3887 1534 3957 deinceps
1568 3904 1750 3939 rursus
1790 3885 2110 3955 ingressuris
2145 3879 2533 3951 metropolitis,

357 3951 455 4002 sed
498 3952 660 4003 simul
717 3971 838 4005 curn
900 3956 1322 4028 archiepiscopis
1387 3957 1687 4010 secundum
1740 3956 1989 4008 ordinem
2039 3956 2530 4007 ecclesiasticarum

357 4022 833 4087 constitutionum,
860 4037 1146 4096 assurgunt
1222 4029 1404 4079 uidem
1444 4028 1673 4097 syncelli
1712 4025 2019 4089 escamnis,
2059 4022 2191 4096 [non
2224 4029 2405 4076 autem
2434 4038 2529 4071 oc—

359 4102 587 4148 currunt
625 4094 787 4164 ipsis,
830 4095 924 4147 sed
968 4114 1067 4149 suo
1106 4099 1163 4148 in
1221 4100 1339 4172 oco]
1380 4100 1708 4168 persistunt,
1746 4097 1938 4162 donec,
1962 4093 2215 4150 omnibus
2256 4093 2530 4163 ingressis,
2602 4138 2623 4163 ,-

356 4163 668 4235 patriarcha
706 4164 995 4222 considere
1031 4184 1218 4222 omnes
1261 4172 1500 4229 iusserit.
1570 4170 1643 4222 Ut
1689 4168 1951 4240 deinceps
2003 4164 2369 4219 consederunt
2423 4180 2528 4235 pa·
