3050 4900
568 295 729 413 174
925 318 1463 388 coNsTmml
1518 318 2247 389 PORPHYROGENJH

558 479 857 564 έρχονται
876 524 896 554 ,
954 474 1065 537 καί
1103 467 1228 539 εἶθ’
1268 468 1470 547 οὕτως
1512 472 1760 536 δίδοται
1802 468 1926 536 οἷπό
1970 470 2311 550 κελεύσεως
2345 473 2725 556 naaman-

548 598 674 658 μον
731 576 803 639 ἐν
857 573 943 660 τῷ
982 573 1328 659 λαυσιακῷ.
1422 572 1537 634 καί
1573 571 1956 655 ἀπέρχονται
1993 565 2266 649 ἅπαντες
2307 571 2415 637 διὰ
2453 578 2571 638 τοῦ
2605 597 2725 656 μο-

491 669 833 762 ᾙνοθύρου
875 675 990 738 τοῦ
1034 664 1209 746 ὄντος
1252 667 1363 734 ἐπὶ
1398 667 1512 733 τὸν
1551 666 1785 733 εἰδικόν
1841 670 1909 734 ἐν
1949 672 2032 757 τῇ
2069 674 2349 759 μυστικῇ
2388 672 2584 760 φιάλῃ
2608 677 2724 739 τοῦ

551 767 915 860 τρικόγχου,
978 766 1394 855 βαστάζοντες
1453 762 1723 844 ἅπαντες
1780 768 1995 855 αῆτῶν
2038 771 2223 856 κηρία
2281 773 2395 855 τῆς
2433 775 2642 859 λιτῆς,
2687 768 2722 837 ὅ

556 874 629 938 δὲ
680 869 986 956 βασιλεῦς
1046 873 1367 955 ἐξέρχεται
1423 869 1492 933 ἐν
1551 870 1637 957 τῷ
1677 868 2210 958 χρυσοτρικλίνῳ,
2253 871 2611 956 ἐξέρχονται
2651 874 2762 939 δὲ5

554 974 670 1037 καί
706 969 769 1037 οἱ
809 968 999 1057 ἱερεῖς
1034 967 1159 1034 άπὸ
1204 971 1314 1054 τῆς
1340 968 1670 1052 ἐκκλησίας
1707 968 1819 1033 τοῦ
1859 963 2075 1054 φάρου
2093 1019 2113 1050 ,
2154 967 2575 1051 βαστάζοντες
2612 967 2721 1036 τὸν

281 1068 836 1158 Με.83.ισταυρόν
891 1074 1001 1155 τῆς
1060 1070 1422 1154 ἐκκλησίας,
1481 1068 1594 1131 καί
1627 1068 1781 1152 παρ’
1822 1063 1982 1132 αὐτοὶ
2027 1060 2335 1153 ἄρχονται
2369 1066 2441 1135 τό
2485 1067 2723 1155 τροπάα

554 1194 696 1256 ριον
736 1172 849 1255 τῆς
886 1171 1062 1253 λιτῆς
1099 1165 1252 1254 »τὴν
1292 1162 1505 1252 κοινὴν
1547 1161 1961 1232 οἷνάστασιν.”
2016 1165 2129 1232 καὶ
2166 1163 2645 1255 δηριγευόμεΰος
2683 1158 2718 1230 ὅ

551 1267 855 1355 βασιλεῦς
898 1267 1018 1335 ὑπὸ
1059 1271 1185 1334 τῶν
1222 1270 1337 1333 τοῦ
1376 1269 1820 1351 κουβουκλείου
1859 1262 2183 1348 ἁπάντων,
2226 1269 2544 1353 διέρχεται
2583 1260 2723 1334 ὄπι-

555 1373 711 1435 σθεν
759 1371 870 1455 τῆς
925 1369 1099 1455 λιτῆς
1154 1366 1269 1432 καὶ
1309 1366 1636 1452 ἐξέρχεται
1696 1365 1765 1432 ἐν
1817 1370 1907 1456 τῷ
1947 1364 2292 1455 ἡμικυκλίῳ
2334 1364 2568 1453 φιάλης
2603 1372 2718 1433 τοῦ
2732 1387 2806 1430 ιο

552 1463 886 1554 τρικὸγχου
913 1518 934 1550 ,
996 1465 1108 1532 καὶ
1174 1469 1468 1550 δέχονται
1520 1459 1715 1531 αὖτὸν
1794 1466 1996 1531 ἐκεῖσε
2047 1468 2365 1551 πατρίκιοι
2422 1468 2533 1531 καί
2571 1465 2724 1552 σύγ-

554 1574 779 1654 κλητος
841 1569 957 1633 καί
1009 1569 1184 1632 πᾶσα
1243 1564 1287 1653 ἦ
1347 1567 1720 1651 προέλευσις
1739 1613 1760 1646 ,
1804 1563 2099 1629 κάκεῖθεν
2138 1557 2487 1649 ἀπέρχεται
2546 1571 2726 1631 λιτα-

553 1666 756 1735 νεῦων
794 1670 864 1735 ἐν
900 1668 981 1755 τῇ
1021 1664 1234 1754 δάφνῃ
1257 1714 1275 1745 ,
1337 1663 1448 1731 καὶ
1483 1666 1835 1751 εἰσέρχεται
1875 1665 1971 1740 εἷς
2004 1659 2114 1729 τὸν
2147 1661 2301 1730 ναὸν
2337 1666 2450 1750 τῆς
2487 1661 2724 1750 ὖπερα-

260 1778 435 1837 Εάι.
464 1766 701 1853 ιοὸγίας
744 1765 1086 1847 Θεοτόκου,
1130 1768 1242 1830 καὶ
1279 1758 1455 1848 ἅψας
1488 1763 1718 1849 κηρούς
1757 1765 1868 1828 καί
1905 1762 2280 1847 εὐξάμενος,
2321 1770 2497 1829 τελεῖ
2524 1766 2722 1831 ἐκεῖσε

553 1863 665 1952 τὴν
704 1866 950 1949 ἐκτενῆ,
990 1862 1100 1928 καὶ
1124 1858 1481 1949 ἀπέρχεται
1520 1866 1613 1939 εἰς
1648 1859 1796 1939 τούς
1836 1860 2191 1949 σταυροῦς,
2228 1859 2339 1927 καί
2383 1863 2798 1946 εὖξάμενοςιὸ

557 1965 874 2049 διέρχεται
916 1960 1024 2028 διὰ
1075 1965 1188 2028 τοῦ
1228 1960 1540 2045 τρικλίνου
1580 1964 1694 2028 τοῦ
1736 1962 2174 2047 αὕγουστέως,
2229 1966 2338 2028 καί
2374 1965 2723 2048 εἰσέρχεται

556 2064 647 2142 εἷς
689 2060 798 2129 τὸν
835 2059 990 2128 ναὸν
1029 2065 1142 2127 τοῦ
1162 2062 1341 2146 ἁγίου
1367 2060 1895 2149 πρωτομάρτυρος
1927 2059 2275 2147 Στεφάνου,
2318 2062 2510 2127 κα’κεῖ
2538 2055 2726 2138 saigni-

553 2187 741 2250 μενος
771 2168 949 2228 τελεῖ
990 2164 1186 2228 ἐκεῖσε
1227 2160 1338 2247 τήν
1377 2163 1622 2247 ἐκτενῆ,
1683 2164 1797 2228 καὶ
1835 2159 2312 2248 δηριγευόμενος
2355 2165 2441 2227 δι’
2494 2155 2722 2246 abtas»,

559 2266 881 2350 διέρχεται
924 2259 1030 2326 διά
1073 2265 1187 2326 τοῦ
1228 2261 1626 2345 αὖγουστέως
1667 2265 1777 2328 καί
1811 2265 1924 2348 τῆς
1966 2256 2198 2344 άψίδος
2224 2264 2342 2326 τοῦ
2370 2260 2725 2349 τρικὸγχου,

556 2365 668 2429 καί
718 2365 1016 2445 μένουσιν
1063 2358 1121 2426 οἱ
1166 2363 1483 2443 βασιλικοὶ
1534 2362 1603 2427 ἐν
1661 2363 1740 2448 τῇ
1780 2361 1938 2450 αὐτῇ
1978 2360 2170 2443 οἷψίδι
2210 2363 2324 2426 τοῦ
2366 2360 2803 2447 τρικόγχουρο

555 2457 1048 2549 ὗπερευχόμενοι
1107 2461 1215 2527 τὸν
1271 2462 1561 2545 βασιλέα.
1648 2463 1787 2549 (Δ.)
1835 2460 1908 2529 Ὅ
1947 2465 2018 2527 δὲ
2057 2459 2356 2545 βασιλεὺς
2395 2462 2720 2547 δηριγευό-

554 2583 741 2646 μενος
775 2558 900 2626 ὖπό
940 2562 1064 2626 τῶν
1104 2555 1429 2646 άρχόντων
1468 2563 1589 2625 τοῦ
1628 2563 2103 2644 κουβουκλείου,
2144 2560 2487 2646 πατρικίων
2513 2583 2581 2625 τε
2611 2563 2725 2626 καὶ

551 2662 1136 2747 πρωτοσπαθαρίων
1176 2661 1286 2725 καί
1320 2662 1433 2745 τῆς
1473 2657 1860 2746 συγκλήτου,
1918 2660 2609 2747 σπαθαροκανδιδάτων
2653 2683 2721 2725 τε

506 2758 675 2826 Βκαί
710 2763 819 2826 ἐπὶ
854 2762 969 2826 τοῦ
1008 2756 1364 2845 μαγλαβίου
1406 2758 1517 2826 καὶ
1555 2764 1789 2827 λοιπῶν
1829 2761 2184 2842 οἰκειακῶν,
2241 2762 2558 2848 διέρχεται
2611 2757 2719 2828 διά

696 2898 748 2951 3.
786 2895 884 2950 ἐπὶ
909 2893 972 2950 τὸ
1002 2896 1088 2948 ed.

554 3017 616 3069 in
650 3024 848 3069 terram
882 3017 1298 3087 procumbentes
1335 3033 1456 3070 eum
1495 3015 1825 3082 adorarunt,
1874 3016 2099 3087 singulis
2156 3033 2366 3070 crucem
2402 3014 2608 3078 donat,
2657 3014 2719 3068 hi

556 3086 741 3139 felicia
778 3088 1098 3158 Imperatori
1134 3089 1440 3158 apprecati,
1491 3087 1715 3146 abeunt.
1787 3088 1879 3140 Sic
1920 3103 2140 3158 quoque
2176 3103 2453 3155 processus
2505 3088 2562 3137 in
2598 3085 2721 3136 lau-

556 3158 700 3209 siaco
737 3177 766 3210 a
802 3159 1056 3211 mandato
1094 3161 1437 3220 instituitur,
1494 3175 1791 3230 omnesque
1836 3174 1936 3228 per
1985 3157 2391 3226 monothyram,
2451 3170 2588 3227 quae
2646 3153 2717 3206 ad

555 3229 819 3279 aerarium
853 3229 1121 3297 privatum
1153 3230 1213 3281 in
1262 3229 1447 3299 phiala
1486 3237 1692 3280 secreta
1729 3227 1996 3281 triconchi
2037 3228 2218 3290 ducit,
2262 3242 2442 3279 cereos
2496 3240 2720 3295 proces-

556 3298 792 3350 sionales
828 3307 1113 3366 gestantes,
1188 3298 1467 3361 rocedunt,
1502 3300 1800 3368 Imperator
1833 3299 2321 3366 chrysotriclinium
2349 3296 2506 3365 petit,
2539 3311 2719 3352 sacer-

558 3367 746 3431 dotes,
795 3386 1006 3422 crucem
1053 3386 1143 3421 ecc
1168 3372 1313 3422 esiae
1349 3369 1749 3438 praeferentes,
1801 3387 1832 3422 e
1871 3371 2076 3439 templo
2124 3366 2279 3438 phari
2313 3365 2621 3437 prodeunt,
2661 3372 2720 3417 et

557 3439 768 3491 interea
802 3441 1094 3510 troparium
1135 3440 1528 3510 processionis:
1570 3441 1911 3494 Communem
1958 3439 2447 3500 resurrectionem,
2495 3435 2719 3488 exordi-

556 3518 743 3562 untur.
812 3511 1135 3578 Imperator,
1170 3509 1514 3562 cubiculariis
1562 3510 1973 3574 comitantibus,
2023 3510 2423 3578 processionem
2470 3507 2723 3576 sequitur

558 3586 618 3631 et
653 3578 1008 3647 hemicyclum
1032 3580 1251 3650 phialae
1290 3579 1556 3634 triconchi
1581 3582 1742 3649 petit,
1776 3580 1872 3633 ubi
1906 3581 2138 3650 patricii,
2175 3587 2394 3631 senatus
2430 3579 2719 3647 omnisque

556 3666 755 3720 pompa
791 3667 915 3703 eum
950 3652 1186 3721 excipit:
1224 3649 1370 3703 unde
1404 3651 1472 3703 ad
1507 3650 1779 3721 daphnem
1814 3667 2043 3722 pergens
2064 3688 2079 3715 ,
2114 3650 2379 3719 templum
2419 3648 2471 3700 S.
2509 3648 2718 3717 Deipa-

556 3737 651 3773 rae
688 3721 1010 3790 ingreditur,
1049 3737 1276 3792 cumque
1311 3722 1479 3774 cercis
1516 3723 1754 3775 accensis
1788 3730 2064 3790 precatus,
2102 3729 2377 3772 extensam
2413 3718 2496 3771 ibi
2533 3718 2717 3781 canit,

557 3789 629 3841 ad
666 3806 851 3844 eruces
889 3791 1130 3855 accedit,
1168 3800 1528 3914 precatusque
1571 3809 1670 3862 per
1703 3793 2002 3844 triclinium
2036 3789 2329 3861 augustalis
2366 3790 2629 3859 templum
2663 3786 2715 3839 S.

557 3861 722 3930 primi
757 3865 1005 3931 martyris
1042 3864 1172 3934 Step
1214 3864 1305 3915 ani
1345 3864 1530 3924 intrat,
1566 3871 1623 3914 et
1654 3870 1920 3932 precatus,
1956 3870 2229 3915 extensam
2268 3861 2351 3913 ibi
2386 3862 2552 3922 canit,
2591 3874 2718 3909 mox

557 3930 629 3983 ab
666 3930 858 3985 iisdem
893 3935 1156 4004 stipatus,
1209 3950 1307 4005 per
1345 3933 1623 4004 augustale
1668 3941 1724 3985 et
1756 3931 2028 3985 triconchi
2076 3933 2318 4001 apsidem
2391 3931 2619 3991 transit,
2656 3929 2718 3979 in

558 4001 710 4054 cuius
749 4019 780 4053 a
821 4004 937 4058 side
979 4004 1244 4058 triconchi
1291 4004 1633 4075 Imperatoris
1672 4004 1938 4066 ministri,
1989 4004 2162 4055 fausta
2200 4004 2420 4056 domino
2456 4011 2715 4070 appreca-

557 4071 698 4135 ἱππί,
739 4023 954 4133 adluat.
1025 4076 1178 4142 (IV.)
1249 4073 1302 4129 Is
1338 4092 1500 4145 porro
1536 4093 1567 4127 a
1600 4074 1888 4145 praefectis
1941 4074 2214 4138 cubiculi,
2263 4073 2539 4144 patriciis,
2584 4082 2715 4138 pro·

555 4143 905 4212 tospatharii·
938 4154 997 4199 et
1028 4154 1250 4211 senatu,
1286 4144 1881 4216 spatharocandidatis,
1917 4145 2255 4199 manclavitis
2290 4152 2350 4198 et
2382 4141 2573 4194 ceteris
2613 4136 2716 4189 do-

557 4215 800 4272 mesticis
836 4218 1044 4273 cinctus
1058 4255 1074 4285 ,
1121 4233 1223 4291 per
1270 4214 1489 4271 ianuam
1524 4215 1595 4271 ad
1629 4216 1817 4273 fiscum
1857 4217 2132 4290 privatum
2176 4213 2467 4272 ducentem
2516 4207 2714 4266 transit
