3050 4900
551 316 609 377 X
1381 309 1865 377 PRAEFATIO.

552 476 611 522 et
642 468 1095 522 luculentissimis
1136 468 1299 522 huius
1344 473 1558 541 generis
1595 466 2120 541 aequiparandum,“
2153 450 2538 537 pronuntiarit.
2610 469 2736 522 llu-

552 576 639 628 ius
677 574 1051 628 commentarii
1088 582 1301 642 partem
1335 574 1732 643 posteriorem,
1783 588 1925 644 quae
1959 570 2333 641 Appendicem
2372 571 2505 623 libri
2539 573 2736 642 primi,

551 679 962 749 secundumque
1000 679 1275 747 integrum
1322 677 1710 749 persequitur,
1750 681 1878 744 post
1936 690 2140 726 annum
2189 672 2412 739 LXXV,
2461 693 2491 728 e
2520 675 2738 729 schedis

554 780 763 835 Reiskii
782 820 800 845 ,
859 782 920 833 in
954 778 1236 832 volumine
1273 778 1437 831 huius
1470 778 1642 848 partis
1679 776 1921 831 secundo
1961 783 2206 847 ereptam
2242 776 2514 832 oblivioni
2550 780 2609 832 in
2643 779 2736 830 lu-

553 900 671 937 cem
707 882 1008 954 proferam3
1048 881 1220 953 idque
1254 881 1392 937 mihi
1431 882 1781 952 potissimum
1820 879 2147 949 contigisse,
2195 891 2422 953 propter
2454 891 2741 953 paternam

553 986 885 1050 amicitiam,
934 984 1315 1055 pietatemque
1358 1002 1469 1056 qua
1522 983 1656 1038 inde
1709 1002 1742 1037 a
1790 984 2033 1053 pueritia
2072 987 2394 1038 memoriam
2431 987 2537 1040 viri
2588 986 2744 1038 unici

553 1098 739 1146 sancte
772 1089 953 1142 colere
994 1095 1244 1141 assuetus
1281 1105 1421 1153 sum,
1455 1086 1817 1143 vehementer
1849 1088 2041 1141 laetor.
2116 1087 2321 1142 Fateor
2366 1103 2497 1142 sane
2550 1088 2741 1141 multis

553 1195 689 1248 locis
726 1193 947 1245 nonnisi
984 1191 1242 1244 inchoata
1278 1207 1436 1256 esse,
1474 1192 1643 1245 limae
1679 1198 1920 1256 servata,
1975 1209 2140 1265 quam
2178 1193 2417 1262 scriptor
2452 1190 2745 1245 adhibuis-

552 1305 671 1362 set,
705 1296 815 1349 nisi
852 1294 1168 1365 bibliopola
1211 1311 1338 1349 eum
1374 1295 1743 1350 destituisset:
1798 1311 1988 1350 verum
2025 1295 2087 1347 id
2123 1294 2295 1349 nitori
2335 1295 2523 1366 potius
2576 1311 2745 1366 quam

555 1399 740 1473 pretio
780 1401 963 1469 operis
1001 1398 1178 1453 obest.

698 1503 958 1559 Codicem
990 1504 1199 1573 ipsum,
1253 1512 1317 1557 ut
1352 1504 1552 1575 inspici
1586 1511 1775 1574 posset
1806 1502 1908 1557 uhi
1946 1521 2082 1574 opus
2119 1502 2297 1568 foret,
2336 1501 2525 1572 Lipsia
2562 1509 2743 1555 trans-

554 1609 784 1660 missum
829 1623 966 1671 esse,
1001 1607 1310 1674 Blumneri,
1348 1625 1399 1663 v,
1426 1610 1513 1675 οι,
1549 1608 1921 1675 humanitati,
1953 1608 2371 1680 litterarumque
2406 1605 2607 1671 amori,
2659 1614 2749 1671 et,

553 1713 666 1766 nisi
704 1727 793 1764 me
829 1713 1148 1765 coniectura
1188 1710 1418 1783 decipit,
1454 1714 1733 1768 amicitiae
1763 1714 2189 1784 patrocinioque
2210 1712 2510 1766 Hermanni
2548 1710 2748 1764 debeo,

694 1815 946 1878 Indices,
998 1814 1071 1865 ad
1129 1831 1319 1868 eorum
1363 1818 1541 1871 instar
1596 1818 1695 1888 qui
1743 1814 2011 1888 Agathiae
2056 1817 2299 1871 subiecti
2347 1823 2514 1880 sunt,
2552 1816 2748 1869 confici

553 1910 778 1986 vellem3
812 1933 1003 1971 verum
1039 1918 1305 1972 hactenus
1342 1919 1532 1975 inveni
1580 1920 1799 1975 nullum
1846 1921 1937 1972 cui
1971 1919 2117 1973 vires
2154 1919 2226 1973 ad
2262 1938 2377 1974 rem
2413 1920 2560 1972 bene
2612 1936 2748 1971 exe-

554 2022 833 2098 quendam
850 2037 972 2075 cum
993 2021 1110 2075 otio
1135 2022 1457 2076 coniunctae
1472 2031 1855 2095 suppeterent:
1894 2024 2046 2086 novi,
2067 2023 2167 2094 qui
2199 2024 2409 2094 optime
2439 2023 2752 2087 conficeret,

553 2126 656 2179 sed
695 2143 821 2179 eum
856 2144 889 2179 a
933 2124 1311 2179 nobilioribus
1367 2126 1569 2180 studiis
1620 2142 1847 2181 avocare
1883 2128 2034 2181 nolo.
2110 2127 2281 2198 Quod
2331 2129 2378 2180 si
2419 2144 2542 2199 spes
2583 2125 2654 2180 de
2689 2143 2749 2180 re

554 2246 723 2301 quam
761 2229 914 2281 cordi
956 2228 1137 2283 habeo
1173 2246 1397 2301 prorsus
1431 2230 1751 2285 abiicienda
1787 2239 1904 2297 est,
1940 2247 2034 2283 eos
2074 2239 2223 2283 certe
2260 2229 2404 2282 dabo
2440 2247 2579 2302 quos
2620 2230 2752 2283 Rei-

552 2332 711 2386 skius
749 2331 987 2386 editioni
1028 2350 1161 2389 suae
1198 2333 1594 2390 destinaverat:
1643 2350 1786 2409 quae
1821 2351 1950 2389 vero
1991 2334 2090 2386 ille
2128 2351 2197 2386 ex
2233 2333 2471 2405 Georgio
2519 2333 2753 2386 Humat-

551 2437 700 2503 tolo,
753 2445 923 2510 atque
977 2438 1235 2504 aliunde,
1295 2439 1368 2495 ad
1420 2439 1840 2512 exaequandam
1866 2441 2218 2512 potissimum
2262 2437 2416 2492 tertii
2451 2437 2753 2493 voluminis

549 2543 773 2607 molem,
809 2542 1143 2616 subiungere
1179 2547 1239 2597 in
1279 2546 1464 2598 animo
1501 2545 1766 2611 habebat,
1804 2548 2081 2610 omittere,
2109 2553 2174 2598 ut
2205 2544 2448 2607 inutilia,
2477 2540 2715 2595 decrevi.

691 2648 818 2701 Scio
866 2666 1001 2719 ege,
1037 2649 1211 2703 libros
1251 2650 1741 2705 Constantinianos
1780 2651 1849 2704 de
1887 2649 2230 2713 cerimoniis,
2282 2666 2420 2720 quos
2460 2647 2749 2719 inscriptio

550 2755 670 2825 ipsa
717 2754 862 2807 circa
896 2771 1065 2825 nugas
1098 2756 1299 2807 versari
1335 2752 1560 2825 prodit,
1605 2772 1638 2807 a
1672 2755 1927 2824 plurimis
1965 2753 2245 2807 contemni
2277 2752 2444 2822 plane
2481 2768 2545 2804 ac
2598 2752 2754 2803 deri-

549 2857 702 2911 deri:
738 2873 921 2930 neqne
958 2857 1171 2927 negabo
1208 2860 1474 2913 maiorem
1511 2861 1713 2931 prioris
1749 2858 1884 2913 libri
1917 2866 2131 2929 partem
2167 2857 2246 2909 ita
2283 2873 2402 2910 esse
2454 2873 2748 2926 compara-

549 2971 667 3016 tam
699 2970 763 3015 ut
803 2962 1044 3031 ingenuo
1082 2962 1300 3017 homini
1337 2981 1602 3017 nauseam
1631 2971 1864 3018 moveat.
1940 2962 2050 3016 Sed
2074 2961 2162 3014 vel
2199 2963 2261 3014 in
2297 2960 2384 3013 his
2422 2958 2746 3032 quisquiliis

553 3068 746 3118 insunt
791 3065 1156 3119 nihilominus
1204 3086 1289 3121 res
1335 3066 1409 3120 ad
1455 3066 1725 3121 historiae
1782 3068 2156 3138 cognitionem
2207 3064 2437 3119 minime
2485 3061 2749 3112 inutiles:

554 3179 673 3222 tum
719 3185 849 3224 vero
918 3169 1019 3221 illa
1075 3173 1403 3241 praesertim
1448 3172 1510 3223 in
1558 3168 1922 3243 sequentibus
1974 3185 2117 3241 quae
2166 3186 2234 3223 ex
2278 3168 2436 3222 Petro
2473 3168 2713 3221 Patricio
2736 3206 2754 3232 ,

553 3273 759 3343 partim
810 3273 1006 3326 omisso
1045 3274 1163 3325 eius
1200 3276 1456 3339 nomine,
1503 3272 1704 3327 hausta
1739 3281 1900 3340 sunt,
1936 3292 2052 3327 non
2088 3275 2269 3329 solum
2303 3273 2608 3326 utilitatem
2644 3271 2748 3324 ha-

552 3376 692 3441 bent
728 3377 1019 3442 eximiam,
1071 3376 1170 3428 sed
1218 3377 1545 3448 elegantiam
1593 3394 1845 3450 quoque3
1893 3395 2076 3452 neque
2126 3381 2241 3434 fere
2275 3379 2377 3432 alii
2411 3376 2577 3429 huius
2620 3393 2742 3429 cor-

549 3480 701 3551 poris
747 3476 894 3532 libro
941 3480 1282 3550 praestantia
1343 3481 1565 3543 cedunt.
1635 3483 1932 3539 Delitescit
1984 3485 2043 3537 in
2097 3484 2202 3549 iis,
2242 3491 2307 3537 ut
2341 3500 2458 3535 rem
2492 3471 2748 3551 exemplo

549 3591 991 3648 commonstrem,
1026 3582 1226 3638 Leonis
1263 3585 1496 3658 Augusti
1534 3587 1798 3655 edictum,
1835 3588 1988 3663 quod
2023 3605 2123 3659 per
2160 3605 2330 3642 annos
2358 3587 2527 3657 paulo
2564 3585 2747 3637 minus

552 3686 745 3741 Lxxx
792 3686 926 3741 inde
974 3689 1293 3759 protrahere
1348 3692 1714 3764 neglexerunt
1767 3697 1867 3766 qui
1919 3693 2207 3764 augendae
2256 3690 2576 3747 collectioni
2617 3689 2750 3743 reli-

551 3791 804 3862 quiarum
841 3792 979 3846 iuris
1014 3793 1539 3851 Ante-Iustinianei
1570 3816 1796 3870 operam
1822 3799 2109 3855 dederunt.

690 3933 801 3990 Ser.
841 3936 1067 3993 Bonnae
1105 3954 1152 3989 a.
1193 3940 1245 3994 d.
1284 3941 1347 3994 V.
1384 3939 1463 3994 Id.
1500 3940 1659 3993 Mart.
1698 3941 2151 3999 Mncccxxlx.
