<?xml version="1.0" encoding="UTF-8"?>
<!DOCTYPE html PUBLIC "-//W3C//DTD XHTML 1.0 Transitional//EN"
    "http://www.w3.org/TR/xhtml1/DTD/xhtml1-transitional.dtd">
<html xmlns="http://www.w3.org/1999/xhtml" xml:lang="en" lang="en">
 <head>
  <title>
</title>
<meta http-equiv="Content-Type" content="text/html;charset=utf-8" />
  <meta name='ocr-system' content='tesseract 3.04.00' />
  <meta name='ocr-capabilities' content='ocr_page ocr_carea ocr_par ocr_line ocrx_word'/>
</head>
<body>
  <div class='ocr_page' id='page_1' title='image "./corpusscriptoru09unkngoog/corpusscriptoru09unkngoog_0018.png"; bbox 0 0 3050 4900; ppageno 0'>
   <div class='ocr_carea' id='block_1_1' title="bbox 494 1047 2335 1311">
    <p class='ocr_par' dir='ltr' id='par_1_1' title="bbox 494 1047 2335 1311">
     <span class='ocr_line' id='line_1_1' title="bbox 746 1047 2090 1126; baseline 0.003 -3"><span class='ocrx_word' id='word_1_1' title='bbox 746 1047 2090 1126; x_wconf 83' lang='lat' dir='ltr'>10.1Ac.REISK11</span> 
     </span>
     <span class='ocr_line' id='line_1_2' title="bbox 494 1211 2335 1311; baseline 0.002 -10"><span class='ocrx_word' id='word_1_2' title='bbox 494 1211 2335 1311; x_wconf 84' lang='lat' dir='ltr'><strong>PRAEFATIONES.</strong></span> 
     </span>
    </p>
   </div>
   <div class='ocr_carea' id='block_1_2' title="bbox 684 1668 2156 1735">
    <p class='ocr_par' dir='ltr' id='par_1_2' title="bbox 684 1668 2156 1735">
     <span class='ocr_line' id='line_1_3' title="bbox 684 1668 2156 1735; baseline 0.002 -5"><span class='ocrx_word' id='word_1_3' title='bbox 684 1668 851 1731; x_wconf 77' lang='lat' dir='ltr'><strong>An</strong></span> <span class='ocrx_word' id='word_1_4' title='bbox 965 1668 1459 1734; x_wconf 84' lang='lat' dir='ltr'><strong>TOMUM</strong></span> <span class='ocrx_word' id='word_1_5' title='bbox 1570 1670 2156 1735; x_wconf 85' lang='lat' dir='ltr'><strong>PRIMUM.</strong></span> 
     </span>
    </p>
   </div>
   <div class='ocr_carea' id='block_1_3' title="bbox 217 1864 2732 4309">
    <p class='ocr_par' dir='ltr' id='par_1_3' title="bbox 316 1864 2732 2810">
     <span class='ocr_line' id='line_1_4' title="bbox 328 1864 2732 2009; baseline 0 -19"><span class='ocrx_word' id='word_1_6' title='bbox 328 1864 575 1990; x_wconf 79' lang='lat' dir='ltr'><strong>Quum</strong></span> <span class='ocrx_word' id='word_1_7' title='bbox 616 1943 715 2001; x_wconf 84' lang='lat' dir='ltr'><strong>ea,</strong></span> <span class='ocrx_word' id='word_1_8' title='bbox 763 1924 840 1986; x_wconf 88' lang='lat' dir='ltr'><strong>de</strong></span> <span class='ocrx_word' id='word_1_9' title='bbox 884 1926 1105 2009; x_wconf 80' lang='lat' dir='ltr'><strong>quibus</strong></span> <span class='ocrx_word' id='word_1_10' title='bbox 1146 1927 1459 1989; x_wconf 83' lang='lat' dir='ltr'><strong>admoneri</strong></span> <span class='ocrx_word' id='word_1_11' title='bbox 1501 1927 1775 1989; x_wconf 64' lang='lat' dir='ltr'><strong>fisturum</strong></span> <span class='ocrx_word' id='word_1_12' title='bbox 1817 1927 2000 1988; x_wconf 75' lang='lat' dir='ltr'><strong>huius</strong></span> <span class='ocrx_word' id='word_1_13' title='bbox 2040 1925 2183 1988; x_wconf 84' lang='lat' dir='ltr'>libri</span> <span class='ocrx_word' id='word_1_14' title='bbox 2222 1925 2681 1994; x_wconf 82' lang='lat' dir='ltr'><strong>lectoremEd.L.</strong></span> <span class='ocrx_word' id='word_1_15' title='bbox 2702 1937 2732 1990; x_wconf 84' lang='lat'>1</span> 
     </span>
     <span class='ocr_line' id='line_1_5' title="bbox 320 2026 2509 2110; baseline 0.001 -23"><span class='ocrx_word' id='word_1_16' title='bbox 320 2028 409 2087; x_wconf 77' lang='lat' dir='ltr'><strong>sas</strong></span> <span class='ocrx_word' id='word_1_17' title='bbox 446 2037 577 2102; x_wconf 60' lang='lat' dir='ltr'><strong>est,</strong></span> <span class='ocrx_word' id='word_1_18' title='bbox 616 2037 713 2087; x_wconf 85' lang='lat' dir='ltr'><strong>tot</strong></span> <span class='ocrx_word' id='word_1_19' title='bbox 748 2029 874 2087; x_wconf 84' lang='lat' dir='ltr'><strong>sint</strong></span> <span class='ocrx_word' id='word_1_20' title='bbox 908 2048 1164 2088; x_wconf 88' lang='lat' dir='ltr'><strong>numero</strong></span> <span class='ocrx_word' id='word_1_21' title='bbox 1208 2039 1269 2089; x_wconf 89' lang='lat' dir='ltr'><strong>et</strong></span> <span class='ocrx_word' id='word_1_22' title='bbox 1311 2038 1595 2088; x_wconf 85' lang='lat' dir='ltr'><strong>enarratu</strong></span> <span class='ocrx_word' id='word_1_23' title='bbox 1627 2038 1755 2088; x_wconf 88' lang='lat' dir='ltr'><strong>tam</strong></span> <span class='ocrx_word' id='word_1_24' title='bbox 1798 2026 2026 2110; x_wconf 85' lang='lat' dir='ltr'><strong>ampla,</strong></span> <span class='ocrx_word' id='word_1_25' title='bbox 2069 2037 2141 2087; x_wconf 88' lang='lat' dir='ltr'><strong>ut</strong></span> <span class='ocrx_word' id='word_1_26' title='bbox 2180 2048 2328 2107; x_wconf 86' lang='lat' dir='ltr'><strong>una,</strong></span> <span class='ocrx_word' id='word_1_27' title='bbox 2375 2050 2509 2090; x_wconf 87' lang='lat' dir='ltr'><strong>mo-</strong></span> 
     </span>
     <span class='ocr_line' id='line_1_6' title="bbox 317 2126 2509 2210; baseline 0.003 -24"><span class='ocrx_word' id='word_1_28' title='bbox 317 2127 453 2188; x_wconf 80' lang='lat' dir='ltr'><strong>dica</strong></span> <span class='ocrx_word' id='word_1_29' title='bbox 495 2137 667 2188; x_wconf 81' lang='lat' dir='ltr'><strong>oerte</strong></span> <span class='ocrx_word' id='word_1_30' title='bbox 709 2126 914 2188; x_wconf 72' lang='lat' dir='ltr'><strong>finum</strong></span> <span class='ocrx_word' id='word_1_31' title='bbox 938 2172 957 2205; x_wconf 88' lang='lat'>‚</span> <span class='ocrx_word' id='word_1_32' title='bbox 1002 2127 1422 2189; x_wconf 82' lang='lat' dir='ltr'><strong>dissertatione</strong></span> <span class='ocrx_word' id='word_1_33' title='bbox 1462 2126 1894 2210; x_wconf 84' lang='lat' dir='ltr'><strong>comprehendi</strong></span> <span class='ocrx_word' id='word_1_34' title='bbox 1935 2138 2239 2209; x_wconf 82' lang='lat' dir='ltr'><strong>nequeant</strong></span> <span class='ocrx_word' id='word_1_35' title='bbox 2264 2172 2283 2207; x_wconf 91' lang='lat'>‚</span> <span class='ocrx_word' id='word_1_36' title='bbox 2324 2127 2509 2192; x_wconf 87' lang='lat' dir='ltr'><strong>aliae-</strong></span> 
     </span>
     <span class='ocr_line' id='line_1_7' title="bbox 316 2228 2506 2311; baseline 0.002 -25"><span class='ocrx_word' id='word_1_37' title='bbox 316 2248 437 2308; x_wconf 87' lang='lat' dir='ltr'><strong>que</strong></span> <span class='ocrx_word' id='word_1_38' title='bbox 474 2237 797 2309; x_wconf 84' lang='lat' dir='ltr'><strong>praeterea</strong></span> <span class='ocrx_word' id='word_1_39' title='bbox 837 2237 1045 2288; x_wconf 85' lang='lat' dir='ltr'><strong>vetent</strong></span> <span class='ocrx_word' id='word_1_40' title='bbox 1085 2230 1351 2289; x_wconf 77' lang='lat' dir='ltr'><strong>rationes</strong></span> <span class='ocrx_word' id='word_1_41' title='bbox 1384 2229 1590 2288; x_wconf 86' lang='lat' dir='ltr'><strong>omnia</strong></span> <span class='ocrx_word' id='word_1_42' title='bbox 1616 2271 1636 2305; x_wconf 91' lang='lat'>‚</span> <span class='ocrx_word' id='word_1_43' title='bbox 1683 2247 1840 2309; x_wconf 86' lang='lat' dir='ltr'><strong>quae</strong></span> <span class='ocrx_word' id='word_1_44' title='bbox 1884 2228 1949 2287; x_wconf 91' lang='lat' dir='ltr'><strong>in</strong></span> <span class='ocrx_word' id='word_1_45' title='bbox 1989 2238 2279 2309; x_wconf 86' lang='lat' dir='ltr'><strong>promptu</strong></span> <span class='ocrx_word' id='word_1_46' title='bbox 2323 2242 2466 2290; x_wconf 84' lang='lat' dir='ltr'><strong>sunt</strong></span> <span class='ocrx_word' id='word_1_47' title='bbox 2485 2276 2506 2311; x_wconf 82' lang='lat'>‚</span> 
     </span>
     <span class='ocr_line' id='line_1_8' title="bbox 318 2324 2510 2410; baseline 0.003 -25"><span class='ocrx_word' id='word_1_48' title='bbox 318 2324 500 2386; x_wconf 79' lang='lat' dir='ltr'><strong>simul</strong></span> <span class='ocrx_word' id='word_1_49' title='bbox 562 2324 879 2387; x_wconf 81' lang='lat' dir='ltr'><strong>effundere</strong></span> <span class='ocrx_word' id='word_1_50' title='bbox 908 2349 926 2387; x_wconf 76' lang='grc' dir='ltr'><strong><em>ε</em></strong></span> <span class='ocrx_word' id='word_1_51' title='bbox 994 2327 1195 2387; x_wconf 82' lang='lat' dir='ltr'><strong>visum</strong></span> <span class='ocrx_word' id='word_1_52' title='bbox 1252 2337 1344 2387; x_wconf 85' lang='lat' dir='ltr'><strong>est</strong></span> <span class='ocrx_word' id='word_1_53' title='bbox 1382 2346 1632 2409; x_wconf 84' lang='lat' dir='ltr'><strong>operam</strong></span> <span class='ocrx_word' id='word_1_54' title='bbox 1671 2328 1888 2408; x_wconf 80' lang='lat' dir='ltr'><strong>partiri</strong></span> <span class='ocrx_word' id='word_1_55' title='bbox 1916 2369 1936 2404; x_wconf 85' lang='lat'><strong>,</strong></span> <span class='ocrx_word' id='word_1_56' title='bbox 1992 2335 2054 2387; x_wconf 87' lang='lat' dir='ltr'><strong>et</strong></span> <span class='ocrx_word' id='word_1_57' title='bbox 2099 2325 2217 2387; x_wconf 85' lang='lat' dir='ltr'><strong>hoe</strong></span> <span class='ocrx_word' id='word_1_58' title='bbox 2258 2328 2510 2410; x_wconf 85' lang='lat' dir='ltr'><strong>quidem</strong></span> 
     </span>
     <span class='ocr_line' id='line_1_9' title="bbox 317 2424 2507 2511; baseline 0.001 -24"><span class='ocrx_word' id='word_1_59' title='bbox 317 2425 452 2487; x_wconf 79' lang='lat' dir='ltr'><strong>loeo</strong></span> <span class='ocrx_word' id='word_1_60' title='bbox 490 2437 736 2488; x_wconf 84' lang='lat' dir='ltr'><strong>tantum</strong></span> <span class='ocrx_word' id='word_1_61' title='bbox 785 2426 865 2488; x_wconf 91' lang='lat' dir='ltr'><strong>de</strong></span> <span class='ocrx_word' id='word_1_62' title='bbox 905 2425 1044 2490; x_wconf 82' lang='lat' dir='ltr'><strong>satis</strong></span> <span class='ocrx_word' id='word_1_63' title='bbox 1082 2426 1266 2488; x_wconf 81' lang='lat' dir='ltr'><strong>huius</strong></span> <span class='ocrx_word' id='word_1_64' title='bbox 1297 2472 1317 2507; x_wconf 87' lang='lat'>,</span> <span class='ocrx_word' id='word_1_65' title='bbox 1359 2425 1525 2509; x_wconf 89' lang='lat' dir='ltr'><strong>quod</strong></span> <span class='ocrx_word' id='word_1_66' title='bbox 1573 2446 1739 2488; x_wconf 87' lang='lat' dir='ltr'><strong>nunc</strong></span> <span class='ocrx_word' id='word_1_67' title='bbox 1795 2424 2002 2511; x_wconf 85' lang='lat' dir='ltr'><strong>prodit</strong></span> <span class='ocrx_word' id='word_1_68' title='bbox 2017 2470 2036 2505; x_wconf 92' lang='lat'>‚</span> <span class='ocrx_word' id='word_1_69' title='bbox 2093 2428 2296 2509; x_wconf 82' lang='lat' dir='ltr'><strong>operis</strong></span> <span class='ocrx_word' id='word_1_70' title='bbox 2338 2428 2507 2490; x_wconf 87' lang='lat' dir='ltr'><strong>Con-</strong></span> 
     </span>
     <span class='ocr_line' id='line_1_10' title="bbox 319 2525 2504 2611; baseline 0.001 -24"><span class='ocrx_word' id='word_1_71' title='bbox 319 2529 670 2587; x_wconf 81' lang='lat' dir='ltr'><strong>stantiniani</strong></span> <span class='ocrx_word' id='word_1_72' title='bbox 706 2571 725 2603; x_wconf 87' lang='lat'>‚</span> <span class='ocrx_word' id='word_1_73' title='bbox 772 2529 920 2587; x_wconf 88' lang='lat' dir='ltr'><strong>item</strong></span> <span class='ocrx_word' id='word_1_74' title='bbox 962 2525 1040 2587; x_wconf 89' lang='lat' dir='ltr'><strong>de</strong></span> <span class='ocrx_word' id='word_1_75' title='bbox 1090 2525 1255 2587; x_wconf 77' lang='lat' dir='ltr'><strong>illius</strong></span> <span class='ocrx_word' id='word_1_76' title='bbox 1310 2537 1670 2611; x_wconf 78' lang='lat' dir='ltr'><strong>argumento</strong></span> <span class='ocrx_word' id='word_1_77' title='bbox 1694 2571 1714 2606; x_wconf 85' lang='lat'><strong>,</strong></span> <span class='ocrx_word' id='word_1_78' title='bbox 1765 2525 1945 2587; x_wconf 84' lang='lat' dir='ltr'><strong>titulo</strong></span> <span class='ocrx_word' id='word_1_79' title='bbox 1987 2535 2049 2587; x_wconf 89' lang='lat' dir='ltr'><strong>et</strong></span> <span class='ocrx_word' id='word_1_80' title='bbox 2088 2537 2337 2589; x_wconf 82' lang='lat' dir='ltr'><strong>auctore</strong></span> <span class='ocrx_word' id='word_1_81' title='bbox 2377 2527 2504 2589; x_wconf 85' lang='lat' dir='ltr'><strong>dis-</strong></span> 
     </span>
     <span class='ocr_line' id='line_1_11' title="bbox 316 2623 2501 2710; baseline 0.001 -23"><span class='ocrx_word' id='word_1_82' title='bbox 316 2647 559 2704; x_wconf 75' lang='lat' dir='ltr'><strong>serere3</strong></span> <span class='ocrx_word' id='word_1_83' title='bbox 596 2625 776 2688; x_wconf 83' lang='lat' dir='ltr'><strong>alteri</strong></span> <span class='ocrx_word' id='word_1_84' title='bbox 816 2638 1023 2688; x_wconf 84' lang='lat' dir='ltr'><strong>autem</strong></span> <span class='ocrx_word' id='word_1_85' title='bbox 1061 2625 1359 2688; x_wconf 81' lang='lat' dir='ltr'><strong>volumini</strong></span> <span class='ocrx_word' id='word_1_86' title='bbox 1400 2646 1540 2688; x_wconf 85' lang='lat' dir='ltr'><strong>mox</strong></span> <span class='ocrx_word' id='word_1_87' title='bbox 1573 2636 1854 2689; x_wconf 79' lang='lat' dir='ltr'><strong>secuturo</strong></span> <span class='ocrx_word' id='word_1_88' title='bbox 1895 2623 2130 2710; x_wconf 82' lang='lat' dir='ltr'><strong>reliqua</strong></span> <span class='ocrx_word' id='word_1_89' title='bbox 2163 2647 2501 2708; x_wconf 80' lang='lat' dir='ltr'><strong>reservare,</strong></span> 
     </span>
     <span class='ocr_line' id='line_1_12' title="bbox 316 2717 1963 2810; baseline 0.002 -25"><span class='ocrx_word' id='word_1_90' title='bbox 316 2725 397 2785; x_wconf 86' lang='lat' dir='ltr'><strong>de</strong></span> <span class='ocrx_word' id='word_1_91' title='bbox 433 2727 657 2810; x_wconf 75' lang='lat' dir='ltr'><strong>quibus</strong></span> <span class='ocrx_word' id='word_1_92' title='bbox 696 2717 1151 2809; x_wconf 68' lang='lat' dir='ltr'><strong>expositionem⁴</strong></span> <span class='ocrx_word' id='word_1_93' title='bbox 1174 2726 1468 2809; x_wconf 85' lang='lat' dir='ltr'><strong>praefatio</strong></span> <span class='ocrx_word' id='word_1_94' title='bbox 1509 2725 1721 2787; x_wconf 84' lang='lat' dir='ltr'><strong>lectori</strong></span> <span class='ocrx_word' id='word_1_95' title='bbox 1763 2725 1963 2788; x_wconf 83' lang='lat' dir='ltr'><strong>dehet.</strong></span> 
     </span>
    </p>

    <p class='ocr_par' dir='ltr' id='par_1_4' title="bbox 217 2822 2540 4309">
     <span class='ocr_line' id='line_1_13' title="bbox 479 2822 2496 2910; baseline 0.002 -25"><span class='ocrx_word' id='word_1_96' title='bbox 479 2824 540 2907; x_wconf 65' lang='lat' dir='ltr'><strong>S.</strong></span> <span class='ocrx_word' id='word_1_97' title='bbox 592 2846 653 2886; x_wconf 88' lang='grc' dir='ltr'><strong>ι.</strong></span> <span class='ocrx_word' id='word_1_98' title='bbox 732 2826 833 2887; x_wconf 77' lang='lat' dir='ltr'><strong>De</strong></span> <span class='ocrx_word' id='word_1_99' title='bbox 857 2822 1037 2909; x_wconf 73' lang='lat' dir='ltr'><strong>fatis</strong></span> <span class='ocrx_word' id='word_1_100' title='bbox 1076 2827 1261 2887; x_wconf 72' lang='lat' dir='ltr'><strong>huius</strong></span> <span class='ocrx_word' id='word_1_101' title='bbox 1300 2827 1532 2910; x_wconf 78' lang='lat' dir='ltr'><strong>operis,</strong></span> <span class='ocrx_word' id='word_1_102' title='bbox 1588 2826 1766 2908; x_wconf 82' lang='lat' dir='ltr'><strong>Opus</strong></span> <span class='ocrx_word' id='word_1_103' title='bbox 1802 2835 1933 2887; x_wconf 88' lang='lat' dir='ltr'><strong>tam</strong></span> <span class='ocrx_word' id='word_1_104' title='bbox 1972 2827 2190 2888; x_wconf 85' lang='lat' dir='ltr'><strong>scitum</strong></span> <span class='ocrx_word' id='word_1_105' title='bbox 2231 2838 2304 2896; x_wconf 64' lang='lat' dir='ltr'><strong>eh</strong></span> <span class='ocrx_word' id='word_1_106' title='bbox 2323 2828 2496 2906; x_wconf 88' lang='lat' dir='ltr'><strong>utile,</strong></span> 
     </span>
     <span class='ocr_line' id='line_1_14' title="bbox 326 2924 2501 3010; baseline 0.002 -26"><span class='ocrx_word' id='word_1_107' title='bbox 326 2934 513 3007; x_wconf 82' lang='lat' dir='ltr'><strong>atque</strong></span> <span class='ocrx_word' id='word_1_108' title='bbox 550 2924 667 2984; x_wconf 81' lang='lat' dir='ltr'><strong>hoe</strong></span> <span class='ocrx_word' id='word_1_109' title='bbox 699 2937 811 3006; x_wconf 81' lang='lat' dir='ltr'><strong>est,</strong></span> <span class='ocrx_word' id='word_1_110' title='bbox 852 2927 1119 3010; x_wconf 82' lang='lat' dir='ltr'><strong>potuisse</strong></span> <span class='ocrx_word' id='word_1_111' title='bbox 1157 2947 1269 3009; x_wconf 87' lang='lat' dir='ltr'><strong>per</strong></span> <span class='ocrx_word' id='word_1_112' title='bbox 1307 2937 1400 2987; x_wconf 89' lang='lat' dir='ltr'><strong>tot</strong></span> <span class='ocrx_word' id='word_1_113' title='bbox 1441 2924 1681 2988; x_wconf 84' lang='lat' dir='ltr'><strong>saecula</strong></span> <span class='ocrx_word' id='word_1_114' title='bbox 1719 2928 2091 3008; x_wconf 82' lang='lat' dir='ltr'><strong>scriptorum</strong></span> <span class='ocrx_word' id='word_1_115' title='bbox 2124 2928 2501 2989; x_wconf 82' lang='lat' dir='ltr'><strong>Graecorum</strong></span> 
     </span>
     <span class='ocr_line' id='line_1_15' title="bbox 320 3022 2494 3107; baseline 0.001 -23"><span class='ocrx_word' id='word_1_116' title='bbox 320 3022 793 3107; x_wconf 70' lang='lat' dir='ltr'><strong>Latinorumque</strong></span> <span class='ocrx_word' id='word_1_117' title='bbox 806 3072 829 3104; x_wconf 86' lang='lat'>‚</span> <span class='ocrx_word' id='word_1_118' title='bbox 886 3035 1187 3107; x_wconf 83' lang='lat' dir='ltr'><strong>quotquot</strong></span> <span class='ocrx_word' id='word_1_119' title='bbox 1242 3025 1322 3087; x_wconf 82' lang='lat' dir='ltr'><strong>ab</strong></span> <span class='ocrx_word' id='word_1_120' title='bbox 1379 3028 1508 3086; x_wconf 79' lang='lat' dir='ltr'><strong>eius</strong></span> <span class='ocrx_word' id='word_1_121' title='bbox 1563 3023 1868 3085; x_wconf 79' lang='lat' dir='ltr'><strong>natalibus</strong></span> <span class='ocrx_word' id='word_1_122' title='bbox 1922 3024 2068 3086; x_wconf 88' lang='lat' dir='ltr'><strong>inde</strong></span> <span class='ocrx_word' id='word_1_123' title='bbox 2118 3025 2494 3106; x_wconf 77' lang='lat' dir='ltr'><strong>claruerunt,</strong></span> 
     </span>
     <span class='ocr_line' id='line_1_16' title="bbox 309 3125 2496 3212; baseline 0.002 -28"><span class='ocrx_word' id='word_1_124' title='bbox 309 3127 588 3185; x_wconf 82' lang='lat' dir='ltr'><strong>omnium</strong></span> <span class='ocrx_word' id='word_1_125' title='bbox 644 3128 923 3188; x_wconf 76' lang='lat' dir='ltr'><strong>notitiam</strong></span> <span class='ocrx_word' id='word_1_126' title='bbox 966 3125 1232 3210; x_wconf 80' lang='lat' dir='ltr'><strong>effugere</strong></span> <span class='ocrx_word' id='word_1_127' title='bbox 1254 3172 1274 3206; x_wconf 91' lang='lat'>‚</span> <span class='ocrx_word' id='word_1_128' title='bbox 1336 3127 1610 3212; x_wconf 84' lang='lat' dir='ltr'><strong>profecto</strong></span> <span class='ocrx_word' id='word_1_129' title='bbox 1670 3129 1896 3187; x_wconf 82' lang='lat' dir='ltr'><strong>mirum</strong></span> <span class='ocrx_word' id='word_1_130' title='bbox 1951 3136 2043 3187; x_wconf 82' lang='lat' dir='ltr'><strong>est</strong></span> <span class='ocrx_word' id='word_1_131' title='bbox 2067 3167 2089 3205; x_wconf 87' lang='lat'>‚</span> <span class='ocrx_word' id='word_1_132' title='bbox 2140 3129 2496 3210; x_wconf 59' lang='lat' dir='ltr'><strong>pmeeertim</strong></span> 
     </span>
     <span class='ocr_line' id='line_1_17' title="bbox 217 3223 2496 3313; baseline 0.002 -31"><span class='ocrx_word' id='word_1_133' title='bbox 217 3303 229 3313; x_wconf 39' lang='grc'><strong>.</strong></span> <span class='ocrx_word' id='word_1_134' title='bbox 310 3224 377 3282; x_wconf 89' lang='lat' dir='ltr'><strong>in</strong></span> <span class='ocrx_word' id='word_1_135' title='bbox 431 3227 557 3285; x_wconf 83' lang='lat' dir='ltr'><strong>acri</strong></span> <span class='ocrx_word' id='word_1_136' title='bbox 612 3225 720 3287; x_wconf 80' lang='lat' dir='ltr'><strong>issa</strong></span> <span class='ocrx_word' id='word_1_137' title='bbox 757 3271 778 3304; x_wconf 90' lang='lat'>‚</span> <span class='ocrx_word' id='word_1_138' title='bbox 839 3247 963 3309; x_wconf 87' lang='lat' dir='ltr'><strong>qua</strong></span> <span class='ocrx_word' id='word_1_139' title='bbox 1019 3229 1293 3308; x_wconf 80' lang='lat' dir='ltr'><strong>superius</strong></span> <span class='ocrx_word' id='word_1_140' title='bbox 1352 3224 1662 3288; x_wconf 84' lang='lat' dir='ltr'><strong>saeculum</strong></span> <span class='ocrx_word' id='word_1_141' title='bbox 1728 3226 2002 3288; x_wconf 84' lang='lat' dir='ltr'><strong>fervebat</strong></span> <span class='ocrx_word' id='word_1_142' title='bbox 2030 3269 2051 3306; x_wconf 84' lang='lat'>,</span> <span class='ocrx_word' id='word_1_143' title='bbox 2110 3223 2496 3307; x_wconf 78' lang='lat' dir='ltr'><strong>indagatione</strong></span> 
     </span>
     <span class='ocr_line' id='line_1_18' title="bbox 304 3321 2493 3410; baseline 0.004 -29"><span class='ocrx_word' id='word_1_144' title='bbox 304 3321 658 3385; x_wconf 75' lang='lat' dir='ltr'><strong>chartarum</strong></span> <span class='ocrx_word' id='word_1_145' title='bbox 718 3326 798 3387; x_wconf 86' lang='lat' dir='ltr'><strong>ad</strong></span> <span class='ocrx_word' id='word_1_146' title='bbox 853 3326 1248 3409; x_wconf 82' lang='lat' dir='ltr'><strong>Byzantinam</strong></span> <span class='ocrx_word' id='word_1_147' title='bbox 1308 3325 1624 3388; x_wconf 75' lang='lat' dir='ltr'><strong>historiam</strong></span> <span class='ocrx_word' id='word_1_148' title='bbox 1680 3327 2135 3410; x_wconf 84' lang='lat' dir='ltr'><strong>pertinentium.</strong></span> <span class='ocrx_word' id='word_1_149' title='bbox 2245 3325 2493 3389; x_wconf 69' lang='lat' dir='ltr'><strong>Primus</strong></span> 
     </span>
     <span class='ocr_line' id='line_1_19' title="bbox 304 3422 2495 3509; baseline 0.001 -26"><span class='ocrx_word' id='word_1_150' title='bbox 304 3433 505 3484; x_wconf 80' lang='lat' dir='ltr'><strong>autem</strong></span> <span class='ocrx_word' id='word_1_151' title='bbox 536 3425 892 3487; x_wconf 63' lang='lat' dir='ltr'><strong>ZAannus</strong></span> <span class='ocrx_word' id='word_1_152' title='bbox 934 3426 1258 3488; x_wconf 57' lang='lat' dir='ltr'><strong>Cominus</strong></span> <span class='ocrx_word' id='word_1_153' title='bbox 1302 3427 1793 3506; x_wconf 61' lang='lat' dir='ltr'><strong>mmmmm,</strong></span> <span class='ocrx_word' id='word_1_154' title='bbox 1836 3427 1947 3487; x_wconf 88' lang='lat' dir='ltr'><strong>Rei</strong></span> <span class='ocrx_word' id='word_1_155' title='bbox 1978 3422 2257 3509; x_wconf 84' lang='lat' dir='ltr'><strong>publicae</strong></span> <span class='ocrx_word' id='word_1_156' title='bbox 2288 3426 2495 3487; x_wconf 82' lang='lat' dir='ltr'><strong>Fran·</strong></span> 
     </span>
     <span class='ocr_line' id='line_1_20' title="bbox 304 3523 2491 3610; baseline 0.001 -28"><span class='ocrx_word' id='word_1_157' title='bbox 304 3523 655 3586; x_wconf 81' lang='lat' dir='ltr'><strong>cofurtanae</strong></span> <span class='ocrx_word' id='word_1_158' title='bbox 695 3525 776 3587; x_wconf 85' lang='lat' dir='ltr'><strong>ad</strong></span> <span class='ocrx_word' id='word_1_159' title='bbox 829 3529 1120 3587; x_wconf 83' lang='lat' dir='ltr'><strong>Moenum</strong></span> <span class='ocrx_word' id='word_1_160' title='bbox 1171 3526 1481 3610; x_wconf 86' lang='lat' dir='ltr'><strong>quondam</strong></span> <span class='ocrx_word' id='word_1_161' title='bbox 1527 3526 1828 3588; x_wconf 70' lang='lat' dir='ltr'><strong>scabinus</strong></span> <span class='ocrx_word' id='word_1_162' title='bbox 1865 3537 1927 3588; x_wconf 85' lang='lat' dir='ltr'><strong>et</strong></span> <span class='ocrx_word' id='word_1_163' title='bbox 1966 3524 2317 3587; x_wconf 83' lang='lat' dir='ltr'><strong>Consularis</strong></span> <span class='ocrx_word' id='word_1_164' title='bbox 2333 3569 2355 3604; x_wconf 85' lang='lat'>‚</span> <span class='ocrx_word' id='word_1_165' title='bbox 2413 3523 2491 3585; x_wconf 88' lang='lat' dir='ltr'><strong>li-</strong></span> 
     </span>
     <span class='ocr_line' id='line_1_21' title="bbox 302 3620 2492 3708; baseline 0.001 -25"><span class='ocrx_word' id='word_1_166' title='bbox 302 3620 483 3684; x_wconf 79' lang='lat' dir='ltr'><strong>brum</strong></span> <span class='ocrx_word' id='word_1_167' title='bbox 520 3624 689 3686; x_wconf 88' lang='lat' dir='ltr'><strong>hunc</strong></span> <span class='ocrx_word' id='word_1_168' title='bbox 726 3629 794 3686; x_wconf 82' lang='lat' dir='ltr'><strong>in</strong></span> <span class='ocrx_word' id='word_1_169' title='bbox 832 3625 1055 3687; x_wconf 77' lang='lat' dir='ltr'><strong>famam</strong></span> <span class='ocrx_word' id='word_1_170' title='bbox 1096 3630 1260 3688; x_wconf 81' lang='lat' dir='ltr'><strong>misit</strong></span> <span class='ocrx_word' id='word_1_171' title='bbox 1289 3671 1309 3706; x_wconf 86' lang='lat'><strong>,</strong></span> <span class='ocrx_word' id='word_1_172' title='bbox 1363 3628 1494 3687; x_wconf 81' lang='lat' dir='ltr'><strong>eius</strong></span> <span class='ocrx_word' id='word_1_173' title='bbox 1535 3630 1814 3688; x_wconf 83' lang='lat' dir='ltr'><strong>notitiam</strong></span> <span class='ocrx_word' id='word_1_174' title='bbox 1868 3625 2104 3687; x_wconf 90' lang='lat' dir='ltr'><strong>edendo</strong></span> <span class='ocrx_word' id='word_1_175' title='bbox 2132 3671 2151 3706; x_wconf 91' lang='lat'>‚</span> <span class='ocrx_word' id='word_1_176' title='bbox 2211 3646 2368 3708; x_wconf 84' lang='lat' dir='ltr'><strong>quae</strong></span> <span class='ocrx_word' id='word_1_177' title='bbox 2419 3646 2492 3685; x_wconf 85' lang='lat' dir='ltr'><strong>ex</strong></span> 
     </span>
     <span class='ocr_line' id='line_1_22' title="bbox 304 3722 2491 3793; baseline 0.002 -12"><span class='ocrx_word' id='word_1_178' title='bbox 304 3722 582 3786; x_wconf 77' lang='lat' dir='ltr'><strong>celeber.</strong></span> <span class='ocrx_word' id='word_1_179' title='bbox 640 3726 927 3787; x_wconf 73' lang='lat' dir='ltr'><strong>ancn</strong></span> <span class='ocrx_word' id='word_1_180' title='bbox 983 3726 1355 3793; x_wconf 73' lang='lat' dir='ltr'><strong>Bibliothec.</strong></span> <span class='ocrx_word' id='word_1_181' title='bbox 1414 3724 1656 3788; x_wconf 76' lang='lat' dir='ltr'><strong>Graec.</strong></span> <span class='ocrx_word' id='word_1_182' title='bbox 1739 3726 1939 3789; x_wconf 86' lang='lat' dir='ltr'><strong>Tomo</strong></span> <span class='ocrx_word' id='word_1_183' title='bbox 1975 3724 2046 3787; x_wconf 91' lang='lat' dir='ltr'><em>V</em></span> <span class='ocrx_word' id='word_1_184' title='bbox 2035 3727 2093 3789; x_wconf 88' lang='lat'><strong>1.</strong></span> <span class='ocrx_word' id='word_1_185' title='bbox 2155 3725 2405 3786; x_wconf 84' lang='lat' dir='ltr'><strong>inferius</strong></span> <span class='ocrx_word' id='word_1_186' title='bbox 2452 3746 2491 3785; x_wconf 86' lang='lat' dir='ltr'><strong>a</strong></span> 
     </span>
     <span class='ocr_line' id='line_1_23' title="bbox 300 3824 2494 3909; baseline 0.001 -27"><span class='ocrx_word' id='word_1_187' title='bbox 300 3828 525 3886; x_wconf 77' lang='lat' dir='ltr'><strong>nostris</strong></span> <span class='ocrx_word' id='word_1_188' title='bbox 566 3830 771 3908; x_wconf 83' lang='lat' dir='ltr'><strong>operis</strong></span> <span class='ocrx_word' id='word_1_189' title='bbox 812 3837 1140 3908; x_wconf 75' lang='lat' dir='ltr'><strong>repetetur.</strong></span> <span class='ocrx_word' id='word_1_190' title='bbox 1224 3827 1319 3889; x_wconf 83' lang='lat' dir='ltr'><strong>Ex</strong></span> <span class='ocrx_word' id='word_1_191' title='bbox 1366 3824 1758 3887; x_wconf 82' lang='lat' dir='ltr'><strong>Uffenbachii</strong></span> <span class='ocrx_word' id='word_1_192' title='bbox 1800 3827 2176 3907; x_wconf 80' lang='lat' dir='ltr'><strong>possessione</strong></span> <span class='ocrx_word' id='word_1_193' title='bbox 2214 3826 2494 3909; x_wconf 86' lang='lat' dir='ltr'><strong>pervenit</strong></span> 
     </span>
     <span class='ocr_line' id='line_1_24' title="bbox 300 3912 2540 4009; baseline 0.002 -28"><span class='ocrx_word' id='word_1_194' title='bbox 300 3924 371 3996; x_wconf 72' lang='lat' dir='ltr'><strong>in</strong></span> <span class='ocrx_word' id='word_1_195' title='bbox 416 3924 864 3987; x_wconf 84' lang='lat' dir='ltr'><strong>Bibliothecam</strong></span> <span class='ocrx_word' id='word_1_196' title='bbox 906 3925 1121 4009; x_wconf 87' lang='lat' dir='ltr'><strong>Ampl.</strong></span> <span class='ocrx_word' id='word_1_197' title='bbox 1162 3927 1420 3987; x_wconf 82' lang='lat' dir='ltr'><strong>Senatus</strong></span> <span class='ocrx_word' id='word_1_198' title='bbox 1466 3924 1639 3985; x_wconf 86' lang='lat' dir='ltr'><strong>urbis</strong></span> <span class='ocrx_word' id='word_1_199' title='bbox 1680 3934 1923 3986; x_wconf 87' lang='lat' dir='ltr'><strong>nostrae</strong></span> <span class='ocrx_word' id='word_1_200' title='bbox 1955 3971 1975 4006; x_wconf 84' lang='lat'>‚</span> <span class='ocrx_word' id='word_1_201' title='bbox 2031 3947 2191 4009; x_wconf 84' lang='lat' dir='ltr'><strong>quae</strong></span> <span class='ocrx_word' id='word_1_202' title='bbox 2244 3925 2491 4007; x_wconf 81' lang='lat' dir='ltr'><strong>optimis</strong></span> <span class='ocrx_word' id='word_1_203' title='bbox 2525 3912 2540 3916; x_wconf 49' lang='grc'><strong>’</strong></span> 
     </span>
     <span class='ocr_line' id='line_1_25' title="bbox 296 4019 2489 4106; baseline 0.005 -27"><span class='ocrx_word' id='word_1_204' title='bbox 296 4019 465 4084; x_wconf 76' lang='lat' dir='ltr'><strong>libris</strong></span> <span class='ocrx_word' id='word_1_205' title='bbox 498 4029 801 4087; x_wconf 80' lang='lat' dir='ltr'><strong>instructa</strong></span> <span class='ocrx_word' id='word_1_206' title='bbox 832 4026 1086 4087; x_wconf 79' lang='lat' dir='ltr'><strong>eruditis</strong></span> <span class='ocrx_word' id='word_1_207' title='bbox 1112 4024 1481 4088; x_wconf 74' lang='lat' dir='ltr'><strong>nostratibus</strong></span> <span class='ocrx_word' id='word_1_208' title='bbox 1510 4045 1735 4106; x_wconf 82' lang='lat' dir='ltr'><strong>magno</strong></span> <span class='ocrx_word' id='word_1_209' title='bbox 1762 4028 1900 4087; x_wconf 82' lang='lat' dir='ltr'><strong>usui</strong></span> <span class='ocrx_word' id='word_1_210' title='bbox 1942 4037 2055 4087; x_wconf 86' lang='lat' dir='ltr'><strong>est.</strong></span> <span class='ocrx_word' id='word_1_211' title='bbox 2112 4027 2207 4088; x_wconf 74' lang='lat' dir='ltr'><strong>Ita</strong></span> <span class='ocrx_word' id='word_1_212' title='bbox 2234 4027 2489 4103; x_wconf 81' lang='lat' dir='ltr'><strong>factum,</strong></span> 
     </span>
     <span class='ocr_line' id='line_1_26' title="bbox 289 4124 2485 4209; baseline 0.003 -26"><span class='ocrx_word' id='word_1_213' title='bbox 289 4133 360 4183; x_wconf 80' lang='lat' dir='ltr'><strong>ut</strong></span> <span class='ocrx_word' id='word_1_214' title='bbox 398 4125 837 4209; x_wconf 81' lang='lat' dir='ltr'><strong>Amplissimus</strong></span> <span class='ocrx_word' id='word_1_215' title='bbox 881 4127 1231 4187; x_wconf 66' lang='lat' dir='ltr'><strong>MAscovms</strong></span> <span class='ocrx_word' id='word_1_216' title='bbox 1254 4168 1273 4202; x_wconf 86' lang='lat'>‚</span> <span class='ocrx_word' id='word_1_217' title='bbox 1328 4127 1458 4185; x_wconf 85' lang='lat' dir='ltr'><strong>eius</strong></span> <span class='ocrx_word' id='word_1_218' title='bbox 1515 4124 1854 4207; x_wconf 85' lang='lat' dir='ltr'><strong>praefectus</strong></span> <span class='ocrx_word' id='word_1_219' title='bbox 1877 4169 1897 4204; x_wconf 85' lang='lat'><strong>,</strong></span> <span class='ocrx_word' id='word_1_220' title='bbox 1962 4126 2050 4187; x_wconf 86' lang='lat' dir='ltr'><strong>Io.</strong></span> <span class='ocrx_word' id='word_1_221' title='bbox 2098 4126 2294 4190; x_wconf 73' lang='lat' dir='ltr'><strong>Hmm.</strong></span> <span class='ocrx_word' id='word_1_222' title='bbox 2336 4129 2485 4191; x_wconf 75' lang='lat' dir='ltr'><strong>Lm-</strong></span> 
     </span>
     <span class='ocr_line' id='line_1_27' title="bbox 288 4224 2482 4309; baseline 0.003 -23"><span class='ocrx_word' id='word_1_223' title='bbox 288 4246 478 4290; x_wconf 57' lang='grc' dir='ltr'><strong>απ,</strong></span> <span class='ocrx_word' id='word_1_224' title='bbox 510 4272 536 4307; x_wconf 83' lang='lat'>,</span> <span class='ocrx_word' id='word_1_225' title='bbox 612 4247 817 4309; x_wconf 82' lang='lat' dir='ltr'><strong>nuper</strong></span> <span class='ocrx_word' id='word_1_226' title='bbox 866 4228 933 4287; x_wconf 86' lang='lat' dir='ltr'><strong>in</strong></span> <span class='ocrx_word' id='word_1_227' title='bbox 989 4225 1319 4288; x_wconf 81' lang='lat' dir='ltr'><strong>Academia</strong></span> <span class='ocrx_word' id='word_1_228' title='bbox 1384 4235 1594 4286; x_wconf 80' lang='lat' dir='ltr'><strong>nostra</strong></span> <span class='ocrx_word' id='word_1_229' title='bbox 1648 4224 2082 4309; x_wconf 82' lang='lat' dir='ltr'><strong>elegantiomm</strong></span> <span class='ocrx_word' id='word_1_230' title='bbox 2142 4225 2482 4292; x_wconf 69' lang='lat' dir='ltr'><strong>litterarum</strong></span> 
     </span>
    </p>
   </div>
   <div class='ocr_carea' id='block_1_4' title="bbox 3028 462 3032 1319">
    <p class='ocr_par' dir='ltr' id='par_1_5' title="bbox 3028 462 3032 1319">
     <span class='ocr_line' id='line_1_28' title="bbox 3028 462 3032 1319; baseline 0 0"><span class='ocrx_word' id='word_1_231' title='bbox 3028 462 3032 1319; x_wconf 95' lang='lat' dir='ltr'><strong> </strong></span> 
     </span>
    </p>
   </div>
  </div>
 </body>
</html>
