3050 4900
543 306 718 366 XXX
1303 298 1416 361 10.
1473 288 1640 361 1Ac.
1704 296 2002 362 REISKII

541 456 901 520 munionem
926 467 1191 515 suoram
1229 450 1497 535 aecipi23
1536 471 1604 537 p.
1638 448 1789 533 265.
1838 451 1925 513 D.
1964 460 2026 513 et
2065 449 2349 535 deinceps
2379 450 2476 514 bis
2508 451 2610 515 vel
2647 463 2744 515 ter

542 557 722 618 omisi
761 553 1027 617 verbum
1089 547 1503 629 aassurofi'nm
1569 551 1637 612 in
1702 550 1973 630 Latinis,
2028 552 2175 633 quia
2228 563 2363 614 tum
2417 555 2741 639 temporis,

545 675 742 740 quum
799 652 1018 715 solium
1075 648 1231 710 illud
1285 646 1404 710 sub
1449 646 1663 732 praelo
1703 647 1976 728 sudaret,
2016 650 2378 732 nesciebam,
2420 653 2569 736 quid
2625 654 2745 716 sibi

542 754 733 818 vellet
782 753 1045 817 verbum
1084 747 1306 811 nullibi
1355 750 1422 810 in
1484 749 1722 811 Lexieis
1784 761 1847 810 et
1898 747 2049 811 alias
2099 750 2354 813 obvium
2404 751 2738 830 λαβιδοῦν.

541 852 787 918 Deinde
813 851 997 914 didici
1037 872 1072 912 e
1100 847 1385 933 Polybio,
1412 850 1749 934 significare
1761 847 2086 935 fibulare.
2167 850 2370 913 Debet
2403 873 2548 935 ergo
2579 852 2743 915 dicto

542 954 682 1017 loco
722 956 791 1014 in
828 953 1064 1014 Latinis
1098 953 1185 1012 sie
1230 953 1444 1033 reponi
1470 972 1490 1011 ε
1552 962 1616 1011 et
1680 952 1828 1035 equi
1874 971 2090 1014 omnes
2126 949 2497 1033 fibulantur
2545 965 2740 1035 aeque

545 1063 924 1118 castrantur·
937 1096 965 1126 ,
1019 1061 1083 1113 et
1140 1049 1221 1111 ed
1269 1050 1335 1111 id
1390 1047 1736 1132 exemplum
1784 1061 1984 1113 cetera
2034 1052 2547 1133 interpretationis
2607 1044 2746 1114 loce

544 1174 764 1215 manen
804 1152 1114 1235 integrari.
1197 1148 1379 1231 Vale,
1412 1148 1675 1211 Erudite
1713 1151 1957 1230 Lector,
2011 1159 2073 1211 et
2099 1151 2419 1212 conatibus
2447 1152 2745 1214 Decesse-

542 1253 632 1317 ris
659 1256 783 1321 mei
816 1264 1006 1340 atque
1028 1252 1180 1315 meis
1212 1249 1370 1315 five.
1434 1250 1637 1312 Scrib.
1679 1252 1923 1335 Lipsiae
1946 1269 2155 1316 mense
2181 1251 2522 1336 Septembri
2561 1250 2743 1337 1751.

946 1640 2342 1757 ADTOMUMSECUNnnM.

550 1826 687 1934 Ea
754 1880 846 1932 est
897 1876 1400 1952 argumentorum
1466 1867 1737 1929 secundo
1794 1868 1914 1930 hoc
1936 1911 1957 1948 ,
2035 1867 2202 1951 quod
2254 1889 2420 1933 nune
2483 1870 2745 1953 edimuS,

542 1970 861 2036 volumine
945 1967 1331 2030 Constantini
1394 1966 1842 2035 cerimonialis
1868 1971 2276 2051 expositorum
2325 1972 2587 2054 dignitas
2606 2016 2625 2052 ‚
2677 1984 2750 2034 ut

545 2070 819 2156 palmam
868 2070 1061 2154 priori
1092 2066 1346 2128 dubiam
1387 2063 1586 2128 facere
1621 2086 1801 2150 posse
1835 2066 2140 2130 videatur.
2227 2071 2512 2150 Quorum
2541 2093 2750 2155 quam·

546 2173 646 2235 vis
689 2190 929 2232 summa
972 2168 1175 2250 capita
1209 2167 1489 2249 superior
1523 2168 1650 2228 iam
1690 2167 1993 2251 praefatio
2025 2171 2317 2252 attigerit,
2360 2193 2487 2233 non
2529 2171 2750 2234 inutile

548 2283 757 2334 tamen
798 2270 941 2331 duxi
970 2267 1077 2329 illa
1122 2266 1243 2328 hoo
1280 2286 1527 2349 quoque
1573 2265 1711 2328 loco
1745 2278 2037 2351 repetere.
2116 2269 2367 2332 Eminet
2399 2274 2585 2355 igitur
2627 2271 2749 2332 hu-

549 2374 650 2433 ius
685 2368 935 2432 secundi
972 2366 1115 2429 libri
1168 2386 1241 2428 ea
1300 2387 1443 2450 pars
1464 2409 1485 2447 ‚
1531 2387 1687 2449 quae
1729 2370 1979 2430 nomine
2038 2369 2562 2456 Κλητωρολόγιον
2573 2415 2599 2445 ,
2641 2391 2750 2433 seu

553 2472 835 2533 doctrina
889 2471 1121 2531 rituum
1186 2465 1437 2529 illorum
1494 2479 1588 2529 est
1607 2511 1628 2548 ,
1687 2468 1911 2551 quibus
1970 2467 2248 2532 solennes
2294 2472 2509 2555 epulae
2543 2473 2747 2555 Impp.

550 2573 951 2634 CPtanorum
988 2567 1287 2631 celebrari
1335 2567 1613 2630 solebant
1632 2612 1651 2646 ‚
1705 2570 1842 2652 ipsa
1885 2590 1954 2631 re
2001 2580 2187 2653 etque
2213 2572 2588 2654 professione
2633 2593 2750 2632 no-

549 2675 693 2734 titia
713 2683 806 2734 est
836 2671 1203 2753 dignitatum
1222 2670 1466 2751 imperii
1494 2668 1834 2748 orientalis,
1877 2668 2057 2752 quale
2087 2671 2329 2733 saeculo
2353 2673 2472 2733 IX.
2499 2683 2756 2734 exeunte

554 2783 709 2833 erat.
795 2770 1056 2831 Minoris
1093 2770 1413 2848 momenti,
1458 2788 1658 2850 neque
1696 2778 1903 2830 tamen
1951 2771 2377 2832 contemnendi
2398 2817 2417 2852 ,
2443 2774 2603 2833 ‘sunt
2657 2770 2751 2833 illi

551 2870 674 2933 loci
691 2913 714 2950 ,
784 2871 915 2956 qui
944 2867 1285 2952 legatorum
1349 2866 1844 2950 excipiendomm
1897 2870 2196 2930 rationem
2223 2914 2243 2949 ,
2311 2865 2756 2953 titulorumque

550 2969 979 3055 praescribunt
1013 2966 1331 3046 formulas,
1363 2966 1589 3049 quibus
1631 2978 1740 3030 aut
1787 2969 1976 3029 exteri
2016 2967 2199 3052 legati
2248 2970 2612 3033 CPlitanum
2648 2975 2758 3032 im-

550 3080 899 3154 peratorem
933 3089 1005 3129 ex
1046 3087 1220 3131 more
1258 3066 1752 3150 alloquebantur,
1776 3078 1885 3130 eut
1935 3069 2068 3151 ipse
2106 3071 2374 3131 vicissim
2425 3074 2492 3131 in
2536 3070 2756 3134 litteris

553 3170 636 3233 ad
680 3181 914 3232 exteros
930 3170 1237 3252 principes
1273 3170 1398 3229 suis
1458 3167 1766 3231 utebatur.
1852 3169 2028 3248 Quae
2067 3168 2147 3230 ad
2186 3171 2599 3252 processiones
2631 3171 2756 3232 im-

549 3281 932 3353 peratorum,
976 3270 1043 3328 in
1082 3266 1301 3329 balnea
1348 3278 1412 3330 et
1452 3265 1676 3329 horrea
1713 3267 2052 3348 menende,
2094 3289 2252 3351 quae
2291 3267 2370 3329 ed
2408 3270 2756 3353 triumphos

551 3368 634 3431 de
690 3368 968 3430 hostibus
1024 3365 1281 3431 devictis
1338 3366 1604 3450 agendos
1627 3412 1646 3449 ,
1711 3368 1791 3430 ad
1829 3366 2133 3429 brumalia
2149 3412 2168 3449 ,
2229 3380 2547 3452 spectent3
2608 3373 2758 3433 item

554 3490 717 3553 quae
767 3468 847 3531 de
908 3465 1118 3529 liberis
1189 3468 1461 3548 augustis
1512 3488 1724 3530 recens
1787 3471 1949 3531 natis
1978 3513 1996 3548 ‚
2042 3480 2104 3531 et
2143 3469 2312 3530 unda
2357 3469 2608 3533 salutari
2656 3470 2756 3533 lu-

554 3567 846 3649 strandis,
888 3578 998 3629 aut
1034 3564 1360 3628 tondendis
1380 3611 1401 3647 ,
1442 3565 1523 3628 de
1564 3568 2054 3651 patriarcharum
2107 3568 2400 3632 electione
2418 3616 2437 3652 ‚
2503 3571 2581 3632 de
2645 3591 2759 3654 ap·-

554 3680 776 3753 paratu
814 3666 1020 3730 navali
1080 3669 1148 3728 in
1216 3668 1521 3749 geminam
1576 3668 2020 3752 expeditionem
2038 3716 2057 3751 ‚
2114 3670 2464 3732 Cretensem
2519 3691 2705 3730 unam
2737 3715 2759 3752 ,

556 3767 814 3832 alteram
878 3765 1409 3851 Longobardieam
1429 3809 1450 3846 ,
1511 3767 1845 3830 traduntur
1877 3811 1928 3850 ‚‚
1985 3769 2105 3831 elie
2136 3813 2157 3851 ‚
2209 3790 2367 3852 quae
2404 3789 2763 3852 percensere

555 3867 797 3952 singula
832 3866 1085 3951 longum
1125 3865 1318 3928 foret=
1363 3885 1437 3926 ea
1475 3870 1686 3930 omnia
1722 3868 2127 3955 multiplicem
2177 3880 2242 3932 et
2282 3889 2465 3933 usum
2503 3880 2567 3932 et
2605 3868 2760 3932 dele-

555 3969 887 4034 ctationem
924 3966 1179 4047 bebere,
1222 3964 1388 4027 ultro
1426 3975 1618 4049 patet.

725 4070 802 4130 In
857 4067 974 4130 hae
1026 4068 1216 4151 igitur
1255 4065 1492 4128 edenda
1533 4078 1751 4151 parte,
1792 4089 1919 4131 non
1961 4071 2166 4132 minus
2204 4080 2390 4154 atque
2428 4069 2537 4132 illa
2576 4090 2761 4154 supe-

550 4171 746 4255 rlore,
772 4178 946 4234 tante
973 4176 1250 4234 versatus
1268 4165 1363 4231 sui
1383 4164 1701 4253 religione,
1730 4179 1803 4233 ut
1829 4170 2327 4238 membranarum
2355 4170 2764 4256 mpsimsium
