3050 4900
1036 300 1675 395 mmmmm.
2265 328 2437 397 xvu

239 481 759 574 qffinqungesiml,
793 483 971 543 cuius
1008 480 1324 564 inscriptio
1382 490 1475 542 est
1531 479 1612 543 de
1653 477 1874 544 indolis
1909 482 2216 566 probitate
2254 499 2440 574 atque

240 591 594 674 pravitate,
667 604 780 646 seu
838 581 919 643 de
971 581 1303 643 virtutibus
1351 591 1415 642 et
1467 582 1687 661 vitiis,
1746 583 2085 667 particula,
2144 585 2439 654 beneficio

244 690 555 751 szscn
597 696 662 746 et
705 683 975 745 Humor
1014 681 1291 744 Vnam.
1376 679 1622 763 Reliqui
1655 693 1751 743 tot
1778 702 2034 747 numero
2066 685 2230 750 tituli
2260 710 2441 773 gran·

244 789 343 852 dis
370 833 393 868 ,
453 786 565 849 sed
614 796 679 846 et
736 781 1045 844 utilissimi
1072 825 1092 860 ,
1134 783 1336 863 operis
1390 779 1729 843 creduntur
1771 784 2008 845 iactura
2059 785 2442 870 irreparabili

243 891 533 973 periisse.
616 882 789 963 Quid
836 881 888 944 si
922 902 1072 943 vero
1113 880 1477 955 contendam
1513 902 1617 942 me
1663 903 1806 943 cum
1852 883 1971 945 hoc
1994 929 2013 965 ‚
2060 884 2227 969 quod
2279 909 2445 953 nunc

251 990 380 1052 edo
393 1033 416 1069 ,
454 985 765 1049 volumine
811 986 1085 1066 primum
1132 981 1365 1043 laudati
1405 985 1607 1065 operis
1658 981 1909 1044 titulum
1935 1028 1955 1064 ‚
2009 988 2061 1045 si
2112 1007 2240 1048 non
2287 991 2446 1052 inte·

252 1109 445 1172 grum
470 1131 491 1167 ,
543 1096 605 1147 at
660 1082 866 1144 saltim
923 1102 1206 1164 magnam
1268 1080 1397 1143 eius
1452 1093 1694 1164 partem
1751 1085 1817 1144 in
1863 1104 2082 1148 manus
2125 1085 2450 1152 doctorum

248 1189 572 1251 hominum
629 1183 877 1245 trudere
907 1187 940 1242 ‘A’
992 1182 1140 1266 Egit
1178 1180 1282 1242 ille
1331 1180 1480 1243 olim
1535 1177 1688 1264 περὶ
1727 1181 2046 1261 βασιλέων
2098 1178 2451 1271 ἀναγορεύ-

252 1308 415 1361 σεως
436 1333 461 1367 ,
518 1285 603 1347 de
641 1286 1126 1367 Imperatorum
1165 1302 1502 1366 regumque
1550 1285 2062 1364 renuntiatione,
2118 1298 2189 1349 ut
2228 1310 2264 1349 e
2312 1289 2447 1355 Fl-

252 1409 429 1451 mcn
468 1387 641 1449 Bibl.
698 1383 935 1449 Graec.
979 1382 1158 1444 Tom.
1200 1381 1267 1443 V
1263 1382 1318 1443 Ι.
1380 1401 1538 1464 pag.
1583 1381 1704 1466 492
1750 1395 2010 1446 constat.
2095 1385 2288 1470 Atqui
2332 1411 2447 1452 vo-

254 1487 495 1549 luminis
534 1487 728 1547 huius
755 1487 956 1568 capita
998 1484 1146 1546 XCI
1193 1491 1254 1544 et
1301 1485 1614 1566 sequentia
1637 1526 1657 1560 ‚
1704 1505 1740 1543 a
1783 1505 1920 1566 pag.
1959 1484 2080 1548 238
2130 1508 2323 1572 usque
2368 1489 2450 1552 ad

260 1609 394 1671 pag.
412 1587 527 1649 251
569 1608 701 1647 non
736 1597 981 1649 tantum
1006 1588 1072 1646 in
1095 1587 1452 1646 universum
1468 1584 1830 1644 cerimonias
1858 1584 2142 1647 distincte
2177 1589 2452 1670 tradunt,

265 1688 489 1769 quibus
526 1691 727 1769 prima
790 1685 1028 1748 CPleos
1077 1698 1272 1748 aetate
1314 1686 1722 1770 Imperatores
1773 1682 1859 1742 ibi
1903 1675 2180 1747 solebant
2214 1681 2551 1753 nuncu-Ed.
2571 1693 2715 1752 mv.

270 1791 408 1870 pari
431 1834 453 1866 ,
502 1787 608 1847 sed
644 1799 705 1848 et
748 1790 817 1847 in
866 1789 1068 1869 specie
1108 1788 1332 1849 Leonis
1376 1788 1617 1870 magni,
1662 1783 1885 1845 Leonis
1925 1788 2179 1848 minoris
2203 1831 2223 1867 ,
2285 1787 2459 1853 Ana-

270 1889 437 1949 stasii
477 1888 685 1948 Dicori
713 1933 732 1964 ‚
781 1888 1003 1947 Iustini
1042 1890 1299 1948 senioris
1340 1900 1401 1949 et
1432 1887 1753 1949 Iustiniani
1794 1887 1998 1969 magui
2047 1891 2459 1953 renunciatio-

255 2009 362 2049 πω
408 1999 537 2048 tam
567 1986 916 2049 luculenter
954 2000 1388 2071 exsequuntur,
1429 2000 1502 2050 ut
1540 1985 1696 2049 nihil
1740 1985 2067 2048 desiderari
2111 1999 2318 2071 queat,
2358 1988 2460 2053 lu-

254 2109 505 2172 cemque
544 2088 934 2171 praeclaram
974 2087 1064 2148 illi
1104 2088 1495 2151 historiarum
1540 2090 1700 2171 parti
1742 2086 2098 2148 accendant.
2154 2088 2289 2173 Ego
2319 2095 2459 2174 qui-

251 2188 389 2250 dem
451 2210 581 2249 non
630 2190 821 2250 credo
841 2234 861 2267 ‚
920 2210 1181 2272 usquam
1230 2193 1624 2272 antiquorum
1673 2199 2207 2251 monumentorum
2253 2189 2459 2252 locum

252 2301 482 2350 exstare
517 2335 539 2368 ,
629 2292 743 2372 qui
808 2292 962 2350 ritus
1041 2290 1595 2372 nuncupandorum
1662 2286 2081 2370 Augustorum
2132 2333 2153 2369 ,
2221 2301 2459 2352 veteres

252 2410 473 2473 nempe
550 2388 694 2449 illos
762 2411 1052 2473 mereque
1110 2391 1419 2452 Romanos
1447 2435 1466 2469 ,
1525 2410 1717 2472 aeque
1777 2387 2091 2472 splendide
2148 2403 2406 2475 exponat
2436 2437 2457 2474 ,

253 2502 437 2572 atque
485 2489 795 2573 particula
839 2494 1033 2552 nostri
1082 2493 1284 2572 operis
1303 2534 1322 2571 ‚
1367 2491 1445 2552 de
1489 2512 1613 2573 qua
1656 2489 1809 2549 mihi
1872 2510 2071 2550 sermo
2119 2513 2283 2552 nunc
2341 2504 2457 2555 est.

256 2591 713 2673 Antiquitatem
780 2593 910 2653 eius
970 2594 1204 2674 spirant
1256 2594 1462 2652 omnia
1511 2637 1530 2670 ‚
1594 2592 1897 2650 orationes
1960 2590 2039 2650 ad
2098 2590 2459 2656 fortissimos

258 2693 601 2770 exercitus,
661 2691 1064 2775 Augustatica
1117 2695 1414 2774 promissa
1445 2737 1464 2769 ‚
1521 2691 1786 2751 militum
1862 2700 2044 2771 atque
2092 2690 2465 2775 populorum

272 2787 755 2853 acclamationes.
842 2793 1022 2872 Quae
1056 2795 1162 2874 qui
1202 2813 1344 2852 cum
1398 2791 1796 2874 scriptoribus
1835 2789 2126 2853 historiae
2171 2806 2462 2876 augustae
2497 2823 2502 2836 ²

268 2888 463 2972 vulgo
520 2892 605 2951 sic
659 2891 828 2954 dictis
881 2904 1232 2974 comparet,
1287 2913 1415 2953 non
1468 2893 1693 2973 poterit
1745 2892 1799 2951 is
1855 2890 2086 2975 absque
2144 2893 2464 2976 voluptate

261 2990 605 3073 imaginem
671 2996 884 3054 veteris
950 2994 1184 3053 Romae
1241 2994 1308 3053 in
1382 3012 1547 3054 nova
1602 2989 2022 3073 contemplari.
2140 2987 2464 3075 Quidquid

252 3091 513 3152 undem
564 3090 747 3154 fixerit
788 3094 867 3154 de
911 3094 1261 3155 coniectura
1311 3112 1503 3170 mea,
1548 3093 1680 3152 sive
1725 3089 2025 3172 particula
2065 3112 2177 3171 ea,
2221 3093 2298 3153 de
2340 3115 2465 3176 qua

251 3190 481 3274 loquor
502 3235 524 3270 ,
566 3191 718 3254 olim
757 3194 836 3255 ad
880 3193 1131 3256 titulum
1170 3195 1443 3276 primum
1487 3192 1749 3274 ingentis
1806 3189 1970 3251 illius
2017 3202 2078 3252 et
2124 3191 2464 3255 celebratae

249 3291 716 3372 Bibliothecae,
757 3305 830 3355 ut
885 3297 975 3356 ita
1021 3295 1218 3356 dicam
1241 3339 1261 3374 ,
1305 3293 1843 3356 Constantinianae
1864 3336 1882 3370 ‚
1938 3302 2046 3352 aut
2067 3336 2088 3372 ,
2152 3295 2201 3353 si
2244 3294 2419 3355 malis
2438 3335 2460 3372 ,

242 3391 841 3456 Pentecontateuchi
863 3440 883 3474 ,
935 3396 1301 3478 pertinuerit
1325 3439 1345 3474 ‚
1388 3396 1517 3456 sive
1561 3394 1763 3453 minus
1794 3413 1813 3472 ;
1875 3412 1986 3475 ego
2031 3393 2282 3475 quidem
2330 3417 2457 3456 non

247 3491 474 3554 dubito
497 3537 519 3573 ,
563 3514 703 3554 eam
754 3494 1106 3576 decerptam
1148 3495 1339 3562 fuisse,
1373 3514 1442 3554 ex
1480 3492 1600 3553 alio
1647 3492 1915 3575 quodam
1959 3506 2202 3556 vetusto
2238 3497 2458 3578 insigni

248 3590 419 3653 libro
449 3637 471 3670 ‚
539 3596 717 3654 cuius
774 3597 1072 3655 iacturam
1121 3595 1374 3656 studiosi
1422 3596 1811 3676 antiquarum
1859 3614 2068 3654 rerum
2133 3600 2465 3678 aegerrime

248 3691 520 3771 ferunt3
563 3693 795 3755 scilicet
854 3716 926 3755 ex
974 3695 1145 3756 Petri
1196 3695 1473 3776 Magistri
1510 3739 1530 3774 ,
1590 3695 1710 3753 viri
1765 3690 2197 3774 illustrissimi,
2256 3717 2463 3757 sacro·

248 3812 407 3852 rum
453 3790 801 3855 officiorum
866 3795 1031 3878 apud
1090 3779 1496 3858 Iustinianum
1551 3795 1847 3876 Magnum
1895 3795 2167 3876 magistri
2189 3840 2209 3875 ,
2269 3807 2330 3857 et
2383 3796 2464 3857 ad

250 3891 613 3953 Gothorum
665 3896 731 3955 in
787 3893 968 3956 Italia
1007 3916 1174 3978 reges
1193 3939 1213 3976 ‚
1256 3905 1317 3955 et
1364 3894 1442 3955 ad
1493 3894 1784 3955 Cosroem
1835 3893 2166 3955 Persarum
2219 3913 2465 3979 quoque

250 3988 552 4074 deinceps
607 3993 795 4077 legati
816 4040 836 4074 ‚
899 3993 1075 4056 libris
1101 4040 1121 4075 ‚
1184 4016 1338 4078 quos
1389 3993 1609 4055 Suidas
1667 3987 1874 4054 laudat
1928 3994 2079 4078 περὶ
2140 3993 2465 4077 πολιτικῆς

193 4100 201 4107 ’
252 4083 711 4166 καταπόσεως
740 4138 762 4176 ,
822 4094 909 4156 de
957 4096 1400 4157 constitutione
1440 4093 1650 4155 civilis
1677 4092 2169 4174 gubernationis.
2211 4091 2464 4178 Saepius

257 4190 387 4250 viri
422 4194 712 4257 meminit
750 4195 1098 4257 Paocorms
1120 4240 1141 4275 ‚
1181 4196 1465 4256 meminit
1485 4213 1731 4277 quoque
1772 4193 2192 4259 cismononns.
2248 4192 2464 4260 Neoue

244 4314 750 4506 gustantium
778 4315 1055 4387 Porphyr-
1100 4316 1213 4369 Vol.
1248 4315 1293 4369 Ι.
2115 4319 2201 4361 *ff
