3050 4900
598 293 725 358 'nn
782 288 1179 359 emmor«.
1232 286 1509 379 Anmr:
1553 289 1895 357 ΒΥΖΑΝΤ.
1945 293 2030 368 u,
2070 294 2176 364 52.
2319 266 2487 379 703

296 449 490 534 τέραν
545 440 875 531 ἀμάθειαν
914 449 1030 530 τῆς
1094 443 1398 531 ἀκριβοῦς
1436 443 1684 511 τούτων
1719 443 2144 532 ’καταλήψεως
2178 444 2297 533 τήν
2335 472 2493 533 συγ-

294 545 556 637 γραφήν
604 544 1049 636 ἐξῃτήσασθε,
1109 540 1260 611 ὅσον
1324 547 1412 635 τῷ
1473 548 1567 633 νῷ
1619 545 1924 630 ἀμυδρῶς
1982 546 2053 610 ἐκ
2103 549 2234 611 τῶν
2273 545 2497 634 πρώην

295 650 669 732 ἐγκειμένων
759 644 872 711 καὶ
922 648 1036 711 νῦν
1095 647 1547 732 πραττομένων
1605 649 1971 731 περιλαβεῖν
2047 637 2491 732 ἠδυνήθημεν,

293 749 372 835 τῇ
413 746 686 837 ὑμετέρᾳ
730 744 911 836 φιλίᾳ
952 746 1324 831 περιφανῶς
1379 746 1785 827 ἐκτιθέμεθα.
1866 746 2106 810 εἰδέναι
2159 743 2283 832 γάρ
2328 746 2496 829 ὖμᾶς

255 844 663 930 ὄβουλόμεθα
683 897 703 929 ,
765 838 817 910 ὦ
877 843 1092 932 φίλοι,
1154 838 1252 909 ὅτι
1316 846 1493 910 πᾶσα
1523 847 1672 927 ιμὲν
1710 847 1952 928 τεχνῶν
1990 846 2300 932 ἐπιστήμη
2341 845 2597 933 πρόςΕά.
2616 866 2785 939 1..407

297 969 362 1011 τι
428 939 780 1033 εὔχρηστον
820 948 998 1021 τέλος
1052 945 1177 1011 τῶν
1242 945 1313 1010 ἐν
1364 946 1457 1033 τῷ
1516 947 1638 1033 βίῳ
1687 946 2081 1030 συνέστηκεν.
2164 945 2204 1030 ἦ
2249 947 2320 1010 δὲ
2358 949 2491 1012 τῶν

296 1047 682 1132 α’ρτικλινῶν
751 1040 1067 1130 ἐπιστήμη
1126 1045 1196 1109 ἐν
1251 1041 1469 1109 οὐδενὶ
1524 1036 1695 1133 ἄλλῳ
1735 1041 1808 1109 τὸ
1860 1037 2213 1130 εὔχρηστον
2254 1048 2505 1111 δείκνυ-

295 1170 402 1212 σιν
421 1195 442 1226 ,
511 1144 654 1210 ἀλλ’
694 1136 738 1231 ἢ
779 1144 848 1209 ἐν
899 1147 989 1233 τῷ
1026 1142 1204 1222 τάξει
1253 1143 1367 1208 καὶ
1397 1123 1704 1209 συστάσει
1762 1142 1875 1208 καί
1915 1137 2178 1230 ἀκριβεῖ
2208 1146 2504 1211 διαθέσει

292 1241 413 1321 τάς
451 1246 576 1309 τῶν
616 1238 999 1326 ἀξιωμάτων
1038 1239 1359 1331 διαφορὰς
1400 1244 1814 1309 διαστέλλειν.
1856 1242 1970 1309 καί
2007 1241 2132 1331 γὰρ
2173 1246 2350 1310 πᾶσα
2387 1268 2503 1309 πε-

222 1343 604 1433 ιοριφάνεια
662 1345 823 1428 ’βίου
882 1337 926 1430 ἦ
980 1339 1231 1423 ἔνδοξος
1291 1343 1674 1426 ἀξιωμάτων
1734 1338 1884 1422 ἀξία
1936 1346 2007 1410 ἐν
2075 1338 2293 1410 ου’δενί
2329 1337 2501 1435 ἄλλῳ

292 1453 428 1520 τοῖς
470 1442 710 1530 δρῶσιν
764 1443 1196 1526 ἐνδείκνυται,
1253 1441 1393 1508 ἀλλ’
1432 1436 1476 1528 ἢ
1518 1442 1587 1508 ἐν
1630 1444 1711 1530 τῇ
1771 1441 1987 1527 κλήσει
2027 1444 2140 1529 τῆς
2178 1449 2501 1529 προκαθε-

295 1542 481 1630 δρίας
521 1545 634 1628 τῆς
674 1543 744 1608 ἐν
784 1545 867 1632 τῇ
906 1544 1175 1632 λαμπρᾷ
1213 1544 1495 1630 τραπέζῃ
1541 1545 1655 1608 καί
1708 1539 2124 1631 περιποθήτῳ
2160 1542 2556 1609 ommuni-B

292 1665 395 1707 σει
439 1644 569 1708 τῶν
628 1643 1020 1730 σοφωτάτων
1060 1642 1248 1729 ἡμῶν
1284 1643 1625 1726 βασιλέων.
1697 1645 1762 1707 εἰ
1797 1644 1870 1707 δέ
1909 1666 2009 1719 τις
2048 1643 2119 1706 ἐκ
2156 1644 2272 1726 τῆς
2311 1641 2497 1727 ἡμῶν

295 1737 680 1828 ἀπροσεξίας
722 1738 1083 1830 ἐπισφαλής
1139 1742 1556 1828 προσγένηται
1622 1738 1934 1825 σύγχυσις
1972 1752 2107 1819 τοῖς
2143 1748 2496 1827 βασιλικοῖς

219 1843 701 1928 ιόκλητωρίοις,
761 1840 838 1906 οὗ
873 1841 1073 1924 μόνον
1108 1838 1227 1918 τοὶς
1266 1843 1397 1908 τῶν
1436 1845 1786 1924 βασιλικῶν
1840 1838 2218 1924 ἀξιωμάτων
2263 1838 2498 1929 ἀρετάς

294 1950 701 2027 καταριπτεῖ,
774 1937 940 2008 ἀλλὰ
1003 1942 1116 2007 καὶ
1161 1939 1331 2027 ἡμᾶς
1392 1935 1631 2017 αὗτοῦς
1698 1940 2206 2026 καταγελάστους
2258 1940 2373 2007 καὶ
2425 1940 2506 2006 ἀ-

291 2040 555 2127 χρείους
606 2043 718 2127 τῆς
759 2043 1088 2119 διακονίας
1128 2045 1535 2127 παρίστησιν.
1619 2038 1720 2106 διὸ
1765 2032 1922 2125 οὖν,
1991 2042 2338 2127 ἀγαπητοὶ,
2404 2044 2513 2108 δεῖ

290 2141 467 2228 ἡμᾶς
520 2143 592 2206 ἐν
652 2142 731 2230 τῇ
785 2140 1044 2228 τοιαύτῃ
1101 2138 1423 2231 λαχόντας
1502 2140 1832 2217 διακονίαις
1891 2144 2180 2229 προσοχῇ
2227 2142 2553 2227 μελέτηςῦ

292 2243 406 2307 καί
456 2239 810 2330 ἐπιστήμης
858 2239 975 2316 τάς
1038 2240 1167 2306 τῶν
1222 2239 1601 2322 ἀξιωμάτων
1663 2239 2114 2325 κυριοκλησίας
2155 2242 2224 2306 ἐν
2259 2245 2349 2328 τῷ
2392 2244 2793 2334 obus-2341,

210 2344 438 2429 noxsa'cp
478 2340 604 2405 νωῒ
650 2336 1100 2426 περιγράφειν,
1158 2337 1271 2403 καὶ
1305 2334 1435 2404 εἷθ’
1472 2336 1679 2416 οὕτως
1714 2337 1833 2416 τάς
1888 2338 2109 2405 αὐταῖν
2150 2342 2500 2426 διαιρέσεις

296 2438 411 2505 καί
446 2438 919 2525 ὖποδιαιρέσεις
978 2436 1095 2505 καὶ
1129 2438 1418 2526 ἀκριβεῖς
1460 2435 1802 2518 συστάσεις
1842 2442 2154 2526 ἐκφωνεῖν
2190 2440 2302 2505 καί
2336 2441 2503 2509 ἐκτί-

436 2568 485 2620 7.
526 2559 584 2603 et
622 2567 697 2603 ιο.
724 2547 864 2601 ἄλλο
890 2546 1012 2603 cod.
1051 2555 1111 2601 et
1144 2546 1231 2601 ed.
1394 2556 1399 2562 ·
1457 2566 1510 2619 9.
1550 2546 1839 2602 διαστέλει
1874 2547 1993 2600 cod.
2031 2557 2091 2603 et
2125 2548 2212 2603 ed.

292 2670 389 2714 tur
427 2659 497 2711 ab
534 2660 759 2731 ingenio
793 2667 982 2713 nostro
1019 2657 1145 2711 rudi
1182 2661 1432 2730 quamvis
1472 2665 1531 2711 ct
1564 2677 1756 2730 parum
1801 2664 2102 2715 exercitato
2135 2664 2498 2735 scriptionem

294 2731 430 2784 hnic
463 2732 544 2783 rei
581 2729 781 2783 clarius
817 2727 1215 2798 intelligendae
1251 2731 1445 2783 utilem
1470 2731 1788 2801 flagitastis,
1825 2731 2100 2785 voluimus
2124 2733 2233 2787 hoc
2255 2752 2496 2803 opuscu-

295 2804 354 2856 lo
391 2811 658 2873 quantum
683 2818 752 2854 ex
788 2799 1036 2853 obscuris
1071 2801 1315 2869 vestigiis
1341 2809 1587 2853 veterum
1601 2800 1961 2856 traditionum
1982 2803 2186 2858 litteris
2210 2808 2498 2877 consigna·

295 2882 478 2926 tarum
514 2880 570 2924 et
602 2872 995 2925 hodiernarum
1030 2871 1495 2924 consuetudinum
1533 2875 1752 2944 assequi
1785 2877 2069 2943 potuimus
2092 2913 2109 2941 ,
2149 2884 2365 2930 vestrae
2404 2894 2496 2929 ca-

296 2944 454 2998 ritati
491 2958 780 3012 exponere.
853 2944 918 2996 In
957 2945 1276 2994 universum
1312 2942 1372 2994 id
1408 2961 1439 2994 a
1474 2943 1632 2996 vobis
1672 2947 1851 2997 teneri
1885 2947 2086 3011 velim,
2136 2955 2202 2999 ut
2247 2948 2495 3002 omnium

234 3041 242 3051 ·
296 3015 500 3067 artium
540 3014 779 3084 cognitio
826 3012 897 3065 ad
952 3014 1116 3067 finem
1154 3014 1398 3084 aliquem
1437 3030 1570 3067 usus
1606 3015 1694 3067 sui
1731 3015 1791 3067 in
1829 3018 2182 3085 quotidianas
2216 3016 2493 3072 humanae

293 3086 445 3139 vitae
479 3101 564 3138 res
599 3084 972 3154 implicantem
1008 3081 1224 3148 tendit,
1278 3085 1358 3137 ita
1405 3101 1629 3158 quoque
1685 3085 2064 3140 articlinorum
2103 3090 2386 3143 scientiam
2425 3090 2494 3141 fl-

293 3172 423 3209 nem
460 3155 666 3209 habere
702 3172 883 3221 suum,
920 3162 977 3206 et
1012 3155 1071 3206 in
1109 3172 1174 3207 eo
1209 3158 1445 3208 maxime
1482 3156 1570 3207 sui
1608 3155 1739 3210 dare
1777 3173 1934 3209 usum
1971 3166 2139 3229 atque
2164 3159 2496 3230 exemplum,

376 3225 450 3278 od
484 3226 834 3280 accuratione
884 3226 1074 3278 stricta
1122 3225 1416 3295 dignitates
1466 3228 1629 3278 aulae
1666 3228 1906 3280 diversas
1943 3246 2043 3282 suo
2080 3247 2360 3301 quamque
2397 3249 2488 3283 or-
2549 3254 2554 3267 ·

297 3246 460 3361 dine,
499 3313 728 3368 corpore
767 3304 824 3347 et
856 3296 978 3349 loco
1016 3297 1294 3366 dispescit.
1330 3296 1569 3351 Illustris
1605 3299 1781 3350 omnis
1818 3299 1932 3351 vita
1973 3317 2285 3373 munusque
2324 3318 2488 3354 omne

297 3369 504 3437 gloriae
540 3370 767 3438 plenum
805 3367 865 3418 in
898 3367 1054 3420 nulla
1091 3383 1150 3418 re
1195 3386 1255 3421 se
1291 3369 1461 3437 magis
1497 3368 1802 3439 spectabile
1837 3370 2215 3440 spectantibus
2259 3368 2491 3426 exhibet

296 3439 578 3511 magisque
616 3439 749 3492 ferit
781 3438 1002 3503 oculos,
1038 3455 1201 3511 quam
1241 3438 1287 3490 si
1325 3437 1548 3509 publica
1579 3456 1712 3493 voce
1749 3440 2083 3513 praecedere
2118 3450 2176 3493 et
2207 3444 2490 3512 praeside-

300 3526 359 3561 re
401 3511 562 3564 alteri
599 3508 853 3561 inferiori
889 3510 1036 3579 apud
1073 3509 1421 3580 splendidam
1447 3511 1693 3564 tabulam
1724 3514 2027 3583 epulasque
2052 3513 2287 3565 multum
2319 3530 2493 3583 expe·-

299 3580 430 3631 titas
467 3580 998 3650 sapientissimorum
1035 3587 1344 3634 nostrorum
1368 3583 1768 3652 Imperatorum
1792 3581 2033 3636 iubetur.
2107 3583 2165 3637 Si
2196 3585 2333 3655 quid
2361 3601 2491 3656 ergo

300 3651 361 3702 in
397 3652 638 3719 augustis
676 3651 941 3705 conviviis
975 3669 1074 3722 per
1098 3659 1340 3704 nostram
1366 3652 1643 3723 quandam
1671 3654 1941 3706 incuriam
1978 3662 2035 3705 et
2055 3653 2490 3724 imprudentiam

300 3718 632 3773 obturbetur
665 3733 923 3792 peccetur
965 3741 1067 3787 ue,
1114 3740 1180 3776 eo
1216 3741 1329 3776 non
1361 3730 1580 3776 tantum
1615 3725 2004 3795 proculcantur
2042 3726 2355 3780 officiorum
2391 3743 2492 3779 cu-

300 3790 523 3842 rialium
556 3794 817 3859 virtutes,
870 3811 927 3847 se
1004 3802 1063 3847 et
1095 3794 1203 3864 ipsi
1246 3792 1508 3847 ridiculos
1546 3811 1647 3848 nos
1686 3804 1744 3848 et
1785 3797 1877 3849 ine
1919 3804 2006 3849 tos
2040 3795 2351 3850 ministerio
2389 3814 2490 3850 ex-

296 3859 574 3914 hibemus.
658 3863 1039 3949 Quapropter,
1094 3866 1285 3928 amici,
1335 3874 1556 3934 oportet
1603 3884 1736 3930 nos,
1783 3866 1843 3918 in
1919 3883 2017 3931 oc,
2086 3867 2238 3937 quod
2297 3876 2490 3922 nostra

301 3940 450 3985 sorte
485 3932 648 3986 nobis
696 3937 945 4007 contigit,
1008 3937 1335 3989 constitutos
1381 3944 1538 3989 tanto
1586 3938 1929 4003 ministerio,
1975 3939 2213 4007 primum
2262 3940 2488 4010 quidem

302 4010 515 4055 attenta
553 4020 680 4056 cura
730 4006 1032 4060 secundum
1076 4009 1208 4060 artis
1248 4008 1393 4076 leges
1442 4008 1629 4060 animo
1653 4010 1900 4079 proprias
1926 4006 2255 4078 dignitatum
2286 4011 2489 4078 appel-

296 4073 539 4127 lationes
576 4076 861 4144 concipere
909 4087 1077 4149 atque
1137 4080 1508 4143 conformare,
1563 4087 1681 4131 tum
1715 4096 1845 4133 vero
1883 4078 2213 4149 dignitatum
2256 4077 2491 4133 divisio-

300 4160 401 4200 nes
436 4145 668 4199 maiores
705 4146 1055 4220 minoresque
1092 4158 1149 4204 et
1193 4167 1348 4204 veras
1384 4150 1627 4223 rationes
1663 4151 1952 4203 enuntiare
1987 4158 2159 4223 atque
2193 4164 2487 4219 exponere.

301 4214 574 4287 Antiquas
614 4225 800 4273 autem
835 4236 1004 4290 quum
1040 4219 1437 4278 decreverimus
1485 4221 1778 4290 omittere,
1832 4236 1949 4276 non
1996 4219 2226 4294 quidem
2270 4234 2490 4289 omnes,
