3050 4900
647 314 758 376 DE
816 306 1209 375 cnumcri.
1270 307 1542 372 AULAE
1598 303 1934 373 BYzANT.
1999 313 2049 375 1.
2089 314 2192 383 aa
2325 283 2491 400 397

322 468 757 557 κονωοτωρίῳ
796 463 912 531 καὶ
944 464 1254 530 εἰσελθεῖν
1293 461 1456 527 κατά
1499 459 1574 526 τὸ
1618 459 1763 540 ἔθος
1820 461 2062 542 πάντας
2097 469 2333 551 γίνεται
2373 469 2498 533 αὖ..

320 575 452 645 τοῖς
486 568 658 633 ἴδιον
695 569 922 652 βῆλον,
993 565 1105 630 καί
1140 564 1530 647 εἰσέρχονται
1545 611 1566 644 ,
1635 564 1749 628 καὶ
1803 564 2086 630 αἰτοῦσιν
2121 563 2312 632 πάλιν
2349 567 2504 654 περὶ
2510 580 2550 632 Β

320 672 446 737 τόν
486 666 728 747 αὐτῶν,
768 666 882 730 καί
913 666 1177 749 βεβαιοῖ
1207 659 1242 726 ὃ
1281 659 1588 745 βασιλεῦς
1623 653 1670 746 ἢ
1708 658 2041 749 ἐγγράφως
2075 658 2124 750 ἢ
2178 663 2506 753 ἀγράφως,

319 762 835 852 ὑπισχνούμενος
887 759 1224 838 ἐπιστολάς
1273 763 1545 843 πέμπειν
1604 759 1756 847 περὶ
1805 756 2028 829 τούτου
2089 761 2245 852 πρὸς
2285 763 2505 831 αὐτόν.

280 865 437 932 Εκαΐ
486 862 743 946 λοιπὸν,
822 861 912 940 ὥς
950 859 1234 952 εἴρηται,
1301 861 1372 925 ἐν
1408 867 1541 936 τοῖς
1593 862 1919 938 σιλεντίοις
1957 865 2376 949 προέρχονται
2417 865 2794 957 nicus..57.h

322 958 630 1054 ἄρχοντες
667 964 784 1031 τοῦ
820 964 1173 1047 βασιλέως,
1244 957 1362 1024 κατ’
1412 955 1527 1025 έοὶν
1577 951 1739 1026 αἷσιν
1792 956 2065 1047 ἔπαρχοι
2121 954 2166 1048 ἢ
2204 959 2505 1051 ἔπαρχος,

321 1064 818 1152 προσκυνοῦνται
855 1059 1031 1148 παρὰ
1072 1061 1201 1126 τῶν
1239 1059 1621 1143 δομεστίκων
1657 1062 1767 1125 καὶ
1803 1059 2253 1148 προτηκτόρων,
2297 1068 2407 1130 καί
2427 1064 2501 1132 τὸ

323 1165 655 1250 Περσίκην
693 1163 914 1239 αὐτοῖς
953 1161 1224 1248 ἀπαντᾷ,
1269 1157 1381 1224 καὶ
1413 1159 1620 1225 πάντα
1661 1156 1824 1224 κατὰ
1861 1157 1939 1225 τὸ
1981 1159 2213 1239 εἰωθὸς
2248 1168 2507 1247 γίνεται.

322 1261 488 1330 ἐπάν
526 1265 599 1329 δὲ
637 1265 794 1351 θέλῃ
836 1255 1154 1328 ἀπολῦσαι
1194 1257 1428 1338 αὕτοὺς
1445 1310 1466 1341 ,
1536 1260 1644 1325 δεῖ
1683 1255 1799 1325 τόν
1847 1255 2192 1349 μάγιπρον
2244 1266 2499 1350 ποιῆσαι
2519 1288 2563 1344 c

248 1366 555 1450 ιογνῶσιν
593 1358 755 1427 κατά
794 1359 1047 1447 γνώμην
1086 1362 1206 1426 τοῦ
1241 1361 1580 1443 βασιλέως,
1619 1361 1693 1425 τί
1721 1362 1984 1436 ἕκαστος
2013 1359 2242 1451 ὀφείλῃ
2266 1368 2516 1451 λαβεῖν,

323 1461 439 1528 καὶ
472 1457 730 1527 πάντων
767 1463 894 1526 τῶν
934 1447 1290 1545 ἀνθρώπων
1330 1457 1546 1524 αὖτῶν
1582 1460 1659 1524 τί
1690 1458 1950 1536 ἕκαστος
1988 1459 2337 1545 λαμβάνει,
2395 1463 2511 1529 καὶ

324 1562 550 1628 δοῦναι
600 1563 691 1650 τῷ
743 1556 975 1645 κᾶμητι
1011 1561 1141 1624 τῶν
1178 1553 1623 1643 λαργιτιόνων.
1706 1559 1818 1623 καί
1853 1556 2011 1625 ἐπὰν
2066 1555 2349 1639 κάκεῖνος
2387 1558 2505 1628 εὖ·

321 1662 675 1749 τρεπισθῇ,
745 1660 971 1725 δίδωσι
1009 1660 1317 1724 σιλέντιον
1358 1654 1394 1720 ὅ
1433 1654 1770 1741 βασιλεύς.
1852 1660 1968 1723 καί
1998 1661 2079 1746 τῇ
2114 1654 2258 1745 ἑξῆς
2295 1662 2503 1730 πάντα

322 1762 563 1843 γίνεται
610 1754 696 1834 ὥς
750 1760 819 1825 έν
873 1761 1157 1848 σιλεντίῳ
1172 1809 1195 1842 ,
1268 1757 1381 1822 καί
1433 1757 1732 1842 ἔρχονται
1791 1753 1853 1821 οἱ
1891 1760 2219 1845 πρέσβεις,
2285 1763 2497 1829 οὐκέτι

250 1855 555 1935 ιὸπάντες
594 1855 788 1941 ὃμοῢ,
853 1858 989 1924 ἀλλ’
1041 1860 1133 1935 εἷς
1178 1855 1330 1934 τούς
1378 1855 1613 1933 τόπους
1668 1858 1882 1924 αὐταῖν
1916 1857 2085 1941 μετὰ
2139 1860 2267 1925 τῶν
2306 1864 2500 1927 Κων-

321 1954 888 2034 σταντινουπόλεως
927 1955 1248 2044 ἀρχόντων
1287 1951 1802 2042 άναμεμιγμένοι,
1841 1961 1955 2026 καί
1990 1956 2346 2040 κελεύοντος
2383 1962 2499 2027 τοῦ

326 2061 662 2144 βασιλέως,
704 2056 945 2143 εἰσάγει
997 2054 1033 2122 ὅ
1077 2059 1413 2145 δικονρίων
1452 2056 1605 2136 τοὺς
1637 2056 2017 2146 ἀνθρώπους
2070 2059 2288 2125 αὐτῶν
2340 2057 2497 2126 κατὰ

320 2153 529 2243 τάγμα
567 2153 801 2242 τάγμα,
842 2160 958 2224 καί
990 2158 1215 2245 μηνύει
1256 2155 1294 2222 ὅ
1334 2159 1694 2245 δικουρίων·
1771 2157 2079 2245 »κόμητες
2119 2161 2361 2246 φυλῶν,
2402 2162 2501 2226 δι-

323 2259 717 2341 δασκαλικοί,
755 2258 1129 2347 λευκοφὸροι
1140 2307 1164 2341 ,
1206 2259 1489 2344 δρομεῖς,
1531 2257 1817 2326 δεκανοι”’
1854 2257 1969 2325 καὶ
2002 2258 2218 2337 ἁπλῶς
2255 2257 2554 2337 πάνταςι)

325 2445 637 2501 consederit
684 2446 1015 2518 Imperator,
1070 2453 1129 2499 et
1175 2446 1435 2517 ingrcssi,
1486 2445 1584 2518 qui
1638 2445 1851 2510 solent,
1909 2446 2119 2503 suerint
2172 2464 2359 2501 omnes
2377 2485 2394 2512 ,
2441 2448 2507 2503 fit

322 2517 491 2589 ipsis,
554 2519 779 2604 legatis,
827 2518 1008 2570 velum
1049 2518 1360 2587 proprium,
1407 2516 1470 2570 id
1520 2524 1606 2570 est
1648 2520 1871 2571 seorsim
1917 2519 2025 2572 soli
2065 2526 2194 2591 post
2240 2528 2506 2573 nostrates

323 2605 578 2661 proceres
616 2597 1027 2643 introvocantur
1077 2594 1135 2640 et
1167 2587 1627 2651 introducuntur,
1688 2594 1745 2640 et
1790 2591 1996 2641 iterant
2045 2588 2506 2659 supplicationem

326 2674 482 2712 suam
516 2661 692 2730 primu
730 2659 1005 2729 proditam
1045 2659 1396 2729 exceptione3
1452 2673 1616 2743 quam
1655 2658 1960 2727 Imperator
1993 2663 2281 2714 confirmat
2313 2660 2506 2712 indul-

326 2747 458 2800 gens
480 2767 498 2793 ‚
530 2739 627 2785 aut
657 2732 874 2800 scriptis
910 2729 1128 2793 litteris,
1167 2746 1310 2800 quae
1344 2737 1594 2796 protinus
1630 2727 1965 2783 exhibentur
1997 2738 2056 2783 et
2090 2730 2368 2784 adduntur
2402 2730 2506 2782 ab·

328 2801 628 2864 euntibus,
662 2808 759 2854 aut
790 2801 998 2872 absque
1033 2800 1236 2869 scripto
1283 2802 1399 2854 sola
1436 2816 1532 2851 sna
1569 2800 1962 2867 promissione,
2000 2817 2058 2853 se
2093 2802 2308 2854 litteras
2326 2799 2395 2852 de
2441 2816 2504 2855 re

328 2875 579 2942 quaesita
613 2869 684 2924 ad
727 2872 906 2941 ipsum
959 2869 1248 2941 legationis
1293 2877 1570 2924 auctorem
1604 2871 1898 2922 missurum
1934 2886 2067 2922 esse.
2137 2871 2222 2924 Ab
2258 2887 2323 2924 eo
2359 2879 2505 2922 tem-

324 2958 462 3013 pore
496 2944 862 3005 conveniunt,
915 2950 981 2995 nt
1018 2941 1225 2994 dictum
1265 2949 1375 3005 est,
1412 2943 1472 2993 in
1507 2941 1728 2993 silentia
1759 2942 1914 2994 velut
1940 2941 2288 3011 Imperatoris
2323 2942 2500 2994 nostri

321 3029 613 3084 proceres3
660 3019 718 3065 et
751 3013 999 3085 quisquis
1052 3026 1241 3065 eorum
1280 3012 1588 3082 praefectus
1636 3009 1838 3075 fuerit,
1883 3012 1982 3064 ille
2018 3029 2050 3064 a
2091 3012 2403 3065 domesticis
2441 3020 2500 3065 et

320 3084 729 3155 protectoribus
759 3082 1047 3147 adoratur,
1086 3092 1144 3136 et
1166 3085 1457 3153 persicium
1487 3100 1583 3135 seu
1615 3084 1945 3204 marsupium
1992 3082 2231 3136 occurrit
2255 3098 2352 3135 seu
2396 3083 2501 3136 ob-

321 3156 466 3208 viam
512 3156 687 3210 fertur
726 3156 864 3224 ipsi3
922 3162 979 3207 et
1026 3155 1168 3206 fiunt
1219 3154 1427 3225 reliqua
1470 3153 1654 3206 omnia
1696 3169 1784 3205 mo
1827 3170 1860 3205 o
1908 3162 2187 3206 consueto.
2262 3153 2498 3224 Quando

322 3234 508 3279 autem
540 3227 844 3295 Imperator
874 3226 988 3279 illis
1020 3227 1141 3278 vult
1185 3225 1524 3277 audientiam
1549 3224 1961 3277 valedictoriam
1990 3223 2145 3289 dare,
2184 3222 2352 3277 debet
2377 3242 2494 3278 ma-

322 3298 490 3366 gister
520 3306 685 3350 antea
722 3298 981 3351 notitiam
1018 3313 1115 3348 seu
1151 3295 1458 3348 indiculum
1488 3312 1558 3348 ex
1598 3297 1945 3364 Imperatoris
1977 3295 2186 3349 iudicio
2217 3303 2381 3366 atque
2416 3295 2502 3348 di-

322 3370 569 3422 rectione
612 3370 830 3430 facere,
869 3385 978 3438 quo
1012 3369 1374 3437 perscriptum
1399 3368 1507 3431 sit,
1547 3365 1682 3439 quid
1720 3366 2020 3437 legatorum
2061 3368 2323 3438 quisque,
2362 3365 2500 3437 quid

322 3435 607 3491 hominum
657 3440 749 3493 vel
784 3440 1107 3491 famulorum
1162 3455 1255 3490 eos
1306 3439 1680 3491 comitantium
1745 3439 2123 3508 unusquisque
2184 3438 2243 3489 in
2302 3453 2499 3490 munus

327 3514 386 3558 et
414 3508 567 3562 velut
601 3510 857 3563 viaticum
891 3513 1135 3577 accipere
1177 3507 1391 3561 debeat.
1463 3508 1620 3560 Hanc
1648 3507 1962 3560 schedulam
1998 3507 2091 3561 dat
2115 3509 2302 3561 comiti
2334 3508 2502 3579 largi·

330 3579 560 3630 tionum.
633 3580 745 3650 Qui
778 3583 827 3633 si
866 3582 1063 3650 etipse
1092 3589 1307 3649 paratus
1352 3581 1460 3643 sit,
1498 3579 1568 3631 ad
1598 3580 1894 3649 promenda
1923 3596 2119 3648 nempe
2152 3587 2210 3632 ct
2235 3578 2503 3632 tradenda

330 3649 518 3700 omnia
559 3649 666 3701 sibi
710 3653 1067 3721 praescripta,
1118 3649 1328 3702 habens
1366 3651 1548 3703 omnia
1582 3652 1641 3703 in
1684 3658 1930 3719 promtu,
1966 3657 2096 3703 tunc
2130 3650 2351 3702 tandem
2386 3649 2506 3701 edit

331 3718 630 3786 Inperator
664 3719 941 3777 silentium
966 3762 982 3785 ,
1020 3738 1113 3773 seu
1164 3721 1318 3774 iubet
1356 3720 1497 3773 illud
1532 3737 1630 3791 per
1668 3720 2011 3773 mandatores
2053 3720 2246 3776 indici.
2317 3722 2507 3774 Altero

330 3789 525 3858 itaque
572 3788 664 3842 die
719 3792 860 3844 fiunt
897 3795 1079 3845 omnia
1112 3799 1174 3843 ut
1218 3793 1278 3843 in
1308 3793 1568 3857 silentio,
1603 3793 1942 3863 veniuntque
1973 3793 2025 3844 le
2060 3792 2137 3844 ati
2161 3832 2177 3857 ,
2214 3808 2327 3843 non
2363 3792 2468 3843 iam
2491 3829 2510 3855 ,

329 3867 395 3911 ut
436 3867 624 3922 antea,
664 3865 921 3927 seorsim,
966 3863 1128 3916 simul
1175 3880 1358 3917 omnes
1402 3865 1461 3916 in
1501 3881 1612 3916 uno
1645 3872 1916 3932 ‘corpor-e,
1965 3811 2061 3916 seg
2103 3863 2372 3933 separati,
2408 3878 2507 3914 suo

310 3930 566 4000 quisque
610 3929 668 3984 in
726 3932 877 3997 loco,
930 3935 1074 3988 inter
1115 3934 1243 3987 illos
1292 3936 1671 4005 magistratus,
1724 3932 1794 3985 ad
1932 3952 2019 3998 os,
2055 3934 2234 3986 ·velut
2274 3933 2510 4004 collega,

325 4002 605 4070 Pertinet,
672 4001 921 4075 adeoque
985 4005 1604 4076 constantinopolitanis
1661 4007 1870 4076 proceri
1916 4022 1976 4057 us
2032 4005 2281 4057 immixti.
2354 4003 2511 4056 Iussu

327 4078 449 4124 tum
489 4072 842 4141 Imperatoris
904 4076 1203 4130 introducit
1250 4075 1471 4129 decurio
1505 4078 1807 4146 legatorum
1843 4074 2095 4128 homines
2135 4092 2230 4128 seu
2279 4075 2513 4128 comita-

327 4148 477 4205 tum,
524 4159 695 4195 unum
731 4143 975 4198 ordinem
1006 4156 1132 4216 post
1167 4148 1393 4201 alterum
1414 4186 1429 4212 ,
1478 4148 1556 4200 sic
1590 4164 1681 4200 eos
1716 4147 1856 4199 clara
1882 4162 2013 4199 voce
2044 4147 2316 4201 excitans:
2361 4141 2510 4216 [Ad-

332 4225 505 4270 estote
536 4213 667 4288 vos]
713 4217 935 4273 comites
969 4219 1240 4288 tribuum5
1288 4235 1384 4277 vos
1421 4217 1761 4276 didascalici
1793 4216 1926 4292 [seu
1964 4215 2368 4290 magistriani];
2412 4229 2507 4271 vos
