3050 4900
579 271 689 333 m:
747 263 1140 331 mammon.
1212 262 1484 327 Auum.
1541 260 1877 325 mrum.
1931 262 2011 323 11.
2050 263 2153 334 54.
2282 230 2450 347 793

299 423 591 507 Λαζικῆς
646 416 681 485 5
718 421 838 485 τοῦ
895 414 1209 493 Φάσιδος·
1290 414 1404 501 κη’,
1464 415 1779 499 ἐπαρχίας
1837 414 2086 504 Θρᾴκης
2148 415 2184 481 5
2227 417 2458 482 Φιλιπ-

298 518 663 595 πουπόλεως
685 545 704 563 ·
784 514 904 600 κθ,
943 518 1254 601 ἐπαρχίας
1297 511 1607 600 Εὖρώπης
1647 511 1681 582 5
1732 514 2311 600 Τραϊανουπόλεως·
2384 514 2458 598 λ’,

297 623 613 707 ἐπαρχίας
651 614 859 702 νήσων
899 613 1258 682 Κυκλάδων
1318 611 1351 679 5
1394 609 1676 679 Ῥώδου·
1754 613 1870 696 λα’,
1920 616 2229 699 ἐπαρχίας
2272 615 2462 702 ‘an-

297 718 535 803 μὸντου
578 717 612 784 5
642 712 1255 802 Ἁδριανουπόλεως·
1299 711 1413 796 λβ,
1455 714 1766 798 ἐπαρχίας
1801 717 1913 799 τῆς
1953 708 2144 799 αὖτῆς
2182 712 2222 779 5
2263 718 2463 801 Μαρ-

259 815 762 893 5κιανουπόλεως
780 841 800 859 ·
882 810 995 899 λγ’,
1034 814 1346 900 ἐπαρχίας
1401 813 1690 900 Φρυγίας
1743 814 2157 902 Καπατιανῆς
2197 810 2233 878 5
2266 813 2464 901 Ἱερα-

298 914 563 996 πόλεως.

738 1038 896 1107 Περὶ
926 1032 1042 1090 τῶν
1071 1030 1490 1106 αὐτοκεφάλων
1525 1031 2020 1104 ἀρχιεπισκόπων.

468 1155 595 1240 A',
636 1156 952 1241 ἐπαρχίας
988 1155 1256 1230 Μυσίας
1296 1150 1329 1217 5
1361 1145 1669 1217 Ὠδιὲσου·
1710 1151 1787 1234 β’,
1829 1151 2143 1237 ἐπαρχίας
2185 1153 2528 1227 §evasero
2616 1213 2623 1224 ,

304 1255 344 1321 ὅ
390 1258 637 1340 mrc-
716 1251 796 1338 γ’,
839 1255 1148 1339 ἐπαρχίας
1209 1250 1519 1337 Εΰοῶπης
1579 1248 1615 1315 ὅ
1670 1249 1947 1338 Βιζῦης·
2034 1250 2112 1334 δ’,
2152 1252 2463 1334 &mestas

230 1356 787 1441 ιοΠαφλαγωνίας
856 1349 891 1418 5
960 1350 1507 1435 Πομπιουπόλεως
1530 1368 1547 1386 ·
1631 1344 1700 1432 ε’,
1771 1351 2084 1436 ἐπαρχίας
2140 1349 2367 1427 Ἀσιας
2427 1348 2463 1414 5

302 1450 634 1541 Σμύρνης·
714 1451 786 1535 ς’,
827 1453 1138 1538 ἐπαρχίας
1193 1452 1518 1535 Ἰσαυρίας
1571 1443 1608 1513 5
1664 1447 2184 1526 Λεοντοπόλεως·
2262 1447 2333 1529 ζ’,
2399 1450 2467 1515 ἐ-

302 1556 589 1639 παρχίας
617 1545 938 1636 Ῥὼδόπης
1004 1545 1040 1614 5
1081 1548 1479 1635 Μαρωνίας·
1555 1546 1634 1633 η’,
1693 1550 2009 1634 ἐπαρχίας
2062 1549 2376 1625 Βιθυνίας
2428 1542 2467 1611 5

294 1652 654 1734 Ἀπαμίας·
735 1646 821 1732 θ’,
862 1652 1174 1732 ἐπαρχίας
1204 1645 1525 1734 Ῥωδόπης
1566 1646 1602 1712 5
1644 1643 2328 1742 Μαξιμιανουπόλεοος·
2405 1643 2466 1727 ι’,

319 1751 631 1834 ἐπαρχίαις
683 1752 749 1814 Γ
743 1750 1007 1825 αλατίας
1044 1746 1098 1830 β’
1154 1744 1197 1812 ὅ
1238 1748 1363 1814 τῶν
1414 1750 1473 1813 Γ
1472 1748 1707 1833 ερμίων
1729 1771 1749 1793 ·
1833 1745 1936 1827 ια’,
1976 1746 2288 1830 ἐπαρχίας
2339 1744 2467 1811 Εὖ-

229 1846 520 1934 ιόραίπης
560 1845 595 1913 5
629 1842 1250 1934 ’Λρκαὸιουπόλεως·
1338 1846 1445 1930 ιβ’,
1487 1848 1797 1932 ἐπαρχίας
1856 1846 2109 1934 Θρᾴκης
2171 1844 2206 1907 5
2249 1849 2470 1930 Βερω-

302 1951 452 2034 νῆς·
536 1948 633 2032 ιγ’,
675 1947 990 2032 ἐπαρχίας
1028 1947 1218 2033 νήσου
1259 1949 1518 2029 Λέσβου
1561 1944 1596 2010 5
1639 1940 2044 2030 Μιτυλήνης·
2129 1945 2235 2026 ιδ’,
2273 1944 2472 2030 ἐπαρ-

299 2049 450 2129 χίας
482 2039 927 2133 Ἑλλησπόντου
970 2045 1007 2110 5
1045 2046 1158 2110 τοῦ
1184 2048 1475 2132 Παρίου·
1508 2040 1604 2127 ιε’,
1632 2045 1942 2130 ἐπαρχίας
1961 2041 2233 2130 Καρύας
2257 2040 2293 2108 5
2321 2045 2470 2108 Mo-

300 2144 532 2230 λήτου·
613 2143 717 2232 ις’,
765 2147 1076 2232 ἐπαρχίας
1119 2141 1369 2233 Θρᾴκης
1430 2140 1465 2208 5
1533 2143 1962 2219 Νικοπόλεως·
2019 2144 2117 2226 ιζ’,
2156 2144 2468 2226 ἐπαρχίας
2479 2153 2577 2209 Ed.
2588 2152 2757 2230 1,.459

298 2241 489 2330 νήσου
530 2241 565 2310 5
604 2244 1076 2331 Προικονήσου·
1124 2244 1224 2331 ιη’,
1280 2246 1596 2328 ἐπαρχίας
1639 2238 1959 2328 Ῥωδόπης
1998 2242 2037 2307 5
2044 2255 2062 2270 ⁹
2089 2243 2467 2328 Ἀγχιάλου·

222 2339 415 2428 aot-92
472 2346 783 2431 ἐπαρχίας
842 2338 1158 2430 Εὖραίπης
1221 2339 1254 2408 5
1307 2344 1686 2428 Συλυβρίας·
1768 2339 1840 2425 κ’,
1896 2344 2208 2428 ἐπαρχίας
2273 2339 2463 2429 νήσου

291 2444 567 2527 ,Λέσβου
615 2441 652 2507 5
693 2436 1050 2528 Μεθύμνης
1069 2467 1090 2487 ·
1148 2437 1267 2524 κα’,
1305 2442 1618 2528 ἐπαρχίας
1653 2442 1967 2518 Βιθυνίας
2006 2440 2043 2539 5
2086 2444 2258 2509 Κίου
2277 2467 2300 2487 ·
2346 2444 2465 2527 κβ,

306 2687 394 2735 est
427 2679 858 2748 Traianopoleos
893 2679 1261 2749 metropolita.
1334 2680 1424 2742 30,
1455 2678 1519 2729 in
1552 2676 1806 2749 eparchia
1840 2680 2145 2734 insularum
2174 2680 2468 2750 Cycladum

309 2760 395 2804 est
429 2750 607 2803 Rhodi
642 2750 1008 2818 metropolita.
1081 2752 1142 2805 31
1163 2789 1181 2813 ,
1232 2751 1292 2802 in
1329 2748 1586 2817 eparehia
1621 2749 1812 2801 Haemi
1842 2752 2044 2805 montis
2082 2759 2166 2805 est
2198 2751 2468 2806 Adriano-

346 2821 495 2873 oleos
552 2819 922 2888 metropolita.
1011 2823 1078 2875 32
1099 2858 1116 2883 ‚
1166 2820 1228 2871 in
1274 2818 1531 2890 eparchia
1581 2817 1831 2873 eiusdem
1875 2820 2153 2876 districtus
2200 2825 2342 2877 alter
2386 2830 2470 2876 est

303 2838 782 2961 {larcianopoleos
817 2891 1102 2961 metropol.
1174 2892 1274 2955 33,
1318 2890 1381 2943 in
1423 2888 1640 2959 eparch-
1688 2889 1955 2962 Phrygiae
2004 2892 2340 2965 capatianae
2385 2900 2470 2948 est

308 2959 666 3033 Hierapoleos
700 2961 992 3032 metropol.

575 3098 647 3133 D!
679 3094 1068 3135 autumnus-1⁸
1105 3097 1204 3136 vn.
1242 3098 1735 3137 llnmlnlmliss
1775 3096 2214 3139 montaneoru-

450 3200 518 3252 In
552 3199 810 3271 eparchia
855 3201 1065 3270 Mysiae
1119 3209 1206 3255 est
1238 3200 1417 3271 Odysi
1459 3199 1914 3272 archiepiscopus.
1987 3219 2056 3265 a,
2091 3198 2346 3269 Scythiae
2380 3208 2468 3255 est

310 3270 519 3324 'romae
551 3270 642 3321 vel
677 3271 976 3324 Tomorum
1022 3270 1205 3326 archie
1244 3271 1477 3342 iscopus.
1551 3275 1617 3336 3,
1666 3272 1728 3326 in
1779 3269 2032 3343 eparchia
2083 3271 2227 3325 Euro
2268 3288 2333 3323 ae
2381 3279 2467 3326 est

306 3343 503 3409 Bizyae
538 3339 776 3412 archiep.
845 3342 909 3412 4,
945 3344 1005 3396 in
1042 3358 1075 3394 e
1115 3360 1202 3396 arc
1248 3343 1299 3394 ia
1335 3342 1737 3413 Paphlagoniae
1775 3350 1860 3394 est
1892 3342 2219 3414 Pompeiopo
2246 3358 2337 3395 eos
2372 3359 2464 3393 ar-

306 3412 484 3482 chiep.
559 3413 624 3475 5,
673 3413 734 3463 in
770 3412 1024 3483 epar-chia
1059 3361 1219 3466 ἱεῖσα
1260 3424 1344 3468 cst
1377 3415 1637 3482 Smyrnae
1692 3412 1929 3483 archiep.
1998 3415 2064 3475 6,
2115 3413 2174 3464 in
2211 3410 2465 3483 epar-chia

305 3482 548 3533 Isauriae
586 3488 669 3532 est
699 3482 1103 3553 Leontopoleos
1139 3483 1376 3557 archiep.
1476 3524 1493 3549 ,
1521 3485 1584 3538 in
1617 3483 1873 3557 eparchia
1908 3482 2196 3552 Rhodopes
2231 3491 2315 3535 est
2345 3484 2467 3536 Ma-

308 3551 496 3604 roniae
531 3551 769 3621 archiep.
843 3556 906 3617 8,
955 3553 1018 3606 in
1065 3556 1317 3625 eparchia
1351 3502 1643 3623 Bithyniae
1691 3562 1775 3608 est
1806 3554 2066 3624 Apamiae
2099 3551 2334 3623 archiep.
2407 3572 2478 3623 μ’

255 3674 264 3679 ,
305 3624 368 3673 in
404 3621 657 3690 eparchia
693 3623 982 3693 Rhodopes
1019 3635 1103 3679 cst
1136 3626 1666 3695 maximianopoleos
1703 3623 1939 3694 archiep.
2008 3641 2088 3686 ιο,
2125 3625 2185 3676 in
2218 3622 2470 3692 eparchia

309 3691 563 3743 Galatiae
597 3694 869 3746 secundae
906 3700 989 3747 est
1023 3695 1377 3749 Gremeorum
1410 3696 1649 3766 archiep.
1727 3713 1807 3759 11,
1841 3695 1900 3747 in
1935 3692 2185 3763 eparchia
2216 3695 2467 3760 Europae

309 3769 396 3814 est
429 3760 851 3832 Arcadiopoleos
887 3763 1122 3837 archiep.
1198 3785 1292 3831 ια,
1338 3767 1398 3818 in
1449 3766 1718 3820 Thraciae
1761 3771 1846 3819 cst
1872 3762 2180 3818 Bcrrhoeae
2226 3762 2466 3833 archiep.

315 3835 414 3894 13,
473 3831 533 3883 iu
570 3831 826 3900 eparchia
862 3834 1076 3887 insulae
1111 3835 1277 3889 Lesbi
1314 3845 1398 3890 est
1428 3836 1723 3904 Mitylenen
1760 3835 1943 3889 archie
1983 3876 2000 3893 .
2074 3833 2172 3903 14,
2208 3836 2270 3887 in
2306 3849 2468 3901 epar-

311 3901 435 3953 chia
471 3900 815 3970 Hellesponti
856 3913 954 3958 est·
982 3905 1125 3960 arch.
1165 3907 1301 3961 Pari.
1380 3908 1473 3971 15,
1525 3909 1587 3958 in
1625 3905 1879 3978 eparchia
1959 3904 2107 3958 ariae
2157 3910 2240 3955 est
2282 3901 2468 3955 Mileti

312 3969 549 4039 archiep.
613 3973 690 4034 16,
726 3974 783 4025 in
822 3977 1076 4044 eparchia
1111 3976 1379 4032 Thraciae
1414 3984 1498 4030 cst
1529 3978 1858 4048 Nicopoleos
1896 3975 2043 4034 arch.
2095 3992 2174 4042 17,
2210 3973 2271 4026 in
2307 3988 2465 4043 epar-

313 4040 436 4092 chia
474 4040 685 4091 insulae
722 4044 1045 4100 proconnesi
1084 4055 1168 4099 est
1205 4048 1353 4101 urbis
1390 4048 1728 4120 cognominis
1765 4047 2006 4115 archiep.
2083 4046 2176 4107 18,
2209 4044 2269 4094 in
2305 4059 2465 4113 epar-

313 4108 438 4169 chia
469 4110 756 4187 Rhodopes
794 4124 877 4171 est
908 4118 1162 4176 Anchiali
1201 4117 1436 4192 archiep.
1512 4137 1612 4192 19»
1657 4118 1720 4176 in
1772 4117 2027 4191 eparchia
2078 4115 2327 4186 Europae
2381 4119 2465 4169 est
