3050 4900
552 287 664 348 ne
719 284 1116 350 ammon.
1177 285 1452 349 sum
1512 284 1853 351 nYzAn‘r.
1913 290 1996 349 11.
2041 287 2144 358 ω.
2270 259 2433 375 757

265 434 441 517 πρῶν
483 429 870 515 ἅκουβίτων,
934 428 1048 497 τόν
1110 432 1182 495 δὲ
1222 428 1278 495 δ’
1323 430 1481 498 κατά
1537 435 1733 515 μέσον
1786 431 1902 499 καὶ
1961 434 2160 501 αιῗτὸν
2209 439 2333 501 τῶν
2372 439 2443 516 ἐξ

263 525 579 618 ἑκατέρων
628 534 841 616 μεροῖν
893 534 1005 596 καί
1070 534 1379 618 λαμπρῶν
1420 532 1793 615 ἅκουβιῑτων.
1880 537 1991 599 καί
2025 532 2151 600 συν
2187 536 2265 623 τῇ
2305 537 2495 601 ἐπι-Β

262 631 477 696 νειῖσει
528 629 643 696 καὶ
692 632 949 719 εὖλογίᾳ
1006 632 1124 695 τοῦ
1166 629 1516 714 άγιωτάτου
1560 631 1740 716 ἡμῶν
1794 630 2194 719 πατριάρχου
2236 632 2445 718 ἀπάρ-

263 734 504 813 χεσθαι
551 724 790 805 ads-0139
826 727 941 815 τήν
979 730 1198 813 τιμίαν
1237 733 1349 795 καί
1387 729 1695 817 θεάρετον
1753 729 1993 797 αἶ’νεσιν
2065 730 2182 817 τὴν
2245 735 2313 811 ἐξ
2354 737 2448 800 οἰ-

220 831 449 900 5κείων
484 832 751 911 χειλέων
789 832 905 893 τοῦ
945 828 1317 916 σοφωτάτου
1371 827 1486 893 καὶ
1529 827 1998 916 θεοπροβλῆτου
2038 831 2222 915 ἡμῶν
2259 838 2451 913 βασι-

266 926 426 1001 λέως
482 929 763 1003 Λέοντος
815 931 1316 1015 ἔξυφανθεῑσαν,
1379 931 1492 993 καὶ
1529 923 1667 1011 ἅμα
1718 933 1797 1017 τῇ
1853 931 2053 1015 αῦτῆς
2093 930 2451 1016 ε’κφωνὴσει

268 1025 378 1089 καὶ
415 1028 780 1114 πολυτέχνῳ
824 1031 939 1112 τῆς
977 1030 1386 1114 χειρονομίας
1426 1025 1669 1113 κινήσει
1711 1024 2123 1112 ὁμοθυμαδὸν
2164 1025 2451 1107 ἅπαντας

264 1122 415 1200 τούς
453 1125 901 1209 ἀνακειμένους
938 1118 1114 1215 ᾅδειν
1153 1131 1268 1193 καὶ
1300 1124 1705 1212 συμψάλλειν
1762 1127 1835 1193 τὸ
1880 1127 2081 1214 ῥηθὲν
2136 1126 2309 1215 ἱερὸν
2371 1122 2451 1216 ᾆ-

272 1249 409 1305 σμα
462 1222 537 1287 τὰ
579 1227 654 1291 εἰι
694 1230 1087 1311 μελισταγῶν
1122 1228 1390 1311 χειλέων
1427 1225 1747 1308 σταλάξαν
1787 1223 1990 1292 ἅπασι
2039 1236 2170 1306 τοῖς
2209 1237 2452 1303 πιστοῖς

193 1322 590 1406 ιοῦπηκόοις.
665 1323 832 1407 μετά
870 1328 947 1391 δὲ
987 1323 1107 1410 τήν
1142 1325 1492 1411 περαίωσιν
1530 1331 1644 1412 τῆς
1686 1329 2168 1412 δωδεκαημέρου
2213 1327 2450 1413 ταύτης

266 1425 393 1488 τῶν
429 1418 667 1509 ἑορτῶν
705 1424 984 1509 εὖωχιάς
1013 1431 1284 1492 τελεῖται
1324 1419 1483 1510 άλλη
1521 1428 1869 1513 μεθέορτος
1909 1425 2117 1513 ἡμέρα
2150 1429 2444 1509 -δεξίμου,

268 1523 556 1609 φέρουσα
613 1523 899 1600 δεξιὶυων
947 1522 1111 1606 μετὰ
1164 1524 1434 1607 σαξιζιιου
1456 1570 1476 1591 .
1557 1524 1736 1615 τύπῳ
1785 1523 1904 1611 γὰρ
1956 1524 2329 1607 τελούμενον
2365 1522 2436 1590 τὰ
2458 1532 2502 1586 C

268 1624 393 1685 τοῦ
438 1621 695 1701 ὃεξίμου
751 1625 984 1707 πέρας,
1057 1621 1265 1708 ῖδικὴν
1318 1647 1461 1689 τινα
1517 1625 1908 1690 κατάστασιν
1959 1624 2194 1708 εἰσάγει
2234 1623 2446 1689 πάλιν.
2461 1625 2745 1684 Μσ-αόολ)

271 1719 330 1783 οἱ
367 1716 493 1802 γὰρ
534 1717 992 1806 θεοπρόβλητοι
1030 1725 1222 1808 σοφοὶ
1260 1722 1568 1787 δεσπόται
1619 1720 1784 1804 μετά
1821 1721 1940 1807 τήν
1981 1721 2293 1788 α’πόλυσιν
2332 1726 2451 1787 τοῦ

195 1822 537 1889 ιότυπικοῦ
573 1820 825 1900 δεξίμου
867 1821 1609 1908 προκαθέζοντανπάλιν
1660 1824 1754 1898 εἰς
1810 1826 2058 1888 πολλῶν
2097 1817 2449 1906 ἀντίληψιν,

270 1916 384 1982 καὶ
441 1926 708 1984 τελεῖται
767 1916 840 1986 τὸ
884 1920 1233 2008 κλητώριον
1282 1923 1394 1987 ἐπὶ
1429 1922 1785 2007 οἷποκοπτῆς
1836 1924 2149 2008 τραπέζης
2172 1971 2191 2003 ,
2254 1923 2325 1985 ἐν
2363 1924 2453 2009 τῷ

270 2015 690 2106 λαμπροτάτῳ
727 2019 1017 2118 ,τρικλίνῳ
1069 2022 1514 2087 Ἰουστινιανοῦ
1554 2024 1671 2087 τοῦ
1705 2019 1984 2106 μεγάλου
1999 2071 2020 2103 ,
2089 2020 2204 2086 καὶ
2240 2021 2347 2083 δεῖ
2378 2020 2454 2103 ἧ·-

269 2120 400 2199 μᾶς
450 2117 836 2204 εὐτρεπίζειν
886 2122 980 2196 εἰς
1031 2123 1433 2186 συνεστίασιν
1484 2123 1613 2185 τῶν
1663 2123 1981 2203 βασιλέων
2038 2123 2268 2207 φίλους
2303 2117 2453 2195 τούς

269 2216 397 2281 ὖπό
428 2213 783 2299 καμπάγιον
815 2211 1123 2300 ἅπαντας,
1161 2211 1474 2304 ἄρχοντας
1497 2219 1608 2302 τῆς
1632 2214 2008 2302 συγκλήτου,
2050 2218 2175 2283 α’πό
2217 2243 2286 2282 τε
2324 2243 2456 2299 μα-

185 2317 564 2402 αογίστρων,
605 2312 996 2384 ἆνθυπάτων
1031 2317 1376 2406 πατρικίων
1412 2319 1866 2408 ὄφφικιαλίων,
1905 2321 2253 2400 βασιλικῶν
2278 2343 2457 2405 πρω·

413 2417 465 2505 ι5.
500 2453 713 2526 χειρῶν
746 2456 887 2508 coni.
923 2453 982 2506 R.
1017 2471 1119 2526 pro
1152 2457 1407 2525 χειλέων.

278 2571 433 2636 parte
471 2582 808 2630 mensarum,
862 2581 1041 2621 nonae
1089 2568 1306 2621 scilicet
1339 2585 1514 2640 usque
1566 2567 1635 2621 ad
1683 2568 2089 2632 duodecimam3
2148 2574 2205 2618 et
2238 2565 2457 2618 tandem

281 2643 535 2707 quartum
592 2635 948 2690 domesticum
995 2638 1057 2689 in
1110 2638 1294 2691 medio
1348 2654 1445 2691 sex
1490 2639 1830 2722 reliquarum
1900 2656 1969 2691 ex
2015 2647 2247 2707 utraque
2301 2644 2458 2707 parte

281 2704 688 2776 splendidarum
742 2724 1067 2762 mensarum.
1141 2709 1254 2761 Hos
1304 2707 1386 2761 ita
1434 2707 1729 2778 dispositos
1769 2711 2059 2781 imperavit
2096 2709 2241 2770 Leo,
2292 2707 2458 2758 simul

280 2793 348 2829 ac
380 2785 572 2828 nutum
607 2777 764 2830 daret
809 2785 867 2831 et
913 2778 1361 2832 benedictionem
1410 2781 1801 2849 pronuntiaret
1851 2780 2221 2832 sanctissimus
2267 2784 2455 2830 noster

281 2846 622 2917 patriarcha,
659 2847 897 2900 exordiri
938 2858 1185 2902 sanctum
1223 2851 1452 2920 Deoque
1481 2857 1692 2919 gratum
1716 2849 2009 2917 hymnum,
2045 2866 2209 2933 quem
2236 2850 2457 2917 sapien-

281 2916 523 2969 tissimus
559 2926 617 2969 et
649 2936 680 2970 a
719 2920 834 2972 Deo
871 2921 1075 2971 electus
1115 2919 1260 2972 idem
1297 2928 1483 2973 noster
1519 2923 1823 2989 Imperator
1857 2922 1968 2973 Leo
2004 2936 2117 2972 suis
2170 2921 2289 2987 ipse
2339 2935 2464 2969 ma-

281 2989 447 3053 nibus
503 2991 788 3042 contexuit
834 2998 891 3041 et
936 2993 1212 3053 exaravit,
1266 2997 1325 3042 et
1372 2992 1450 3043 sic
1501 3007 1665 3061 porro
1719 2989 2103 3043 accumbentes
2151 3004 2340 3042 omnes
2387 2987 2465 3039 ad

283 3059 569 3114 exordium
605 3078 637 3111 a
671 3060 985 3112 domesticis
1034 3061 1242 3113 factum
1296 3060 1605 3132 iisdemque
1651 3063 1945 3114 artificiosa
1997 3068 2054 3112 et
2091 3058 2306 3112 erudita
2340 3075 2459 3109 ma·-

283 3146 453 3182 nuum
491 3130 794 3197 agitatione
829 3139 1153 3185 concentum
1187 3130 1554 3199 dirigentibus
1586 3130 1908 3195 decantare,
1946 3138 2275 3183 assentantes
2299 3145 2462 3199 prae-

283 3210 570 3253 centorum
607 3201 919 3269 exemplar,
971 3218 1180 3254 sacrum
1236 3202 1427 3265 illum,
1484 3219 1650 3273 quem
1702 3202 1866 3255 modo
1915 3198 2303 3262 laudabamus,
2355 3199 2459 3265 hy-

283 3286 492 3335 mnum,
528 3272 624 3341 qui
664 3288 694 3323 e
731 3271 1008 3324 mellifluis
1045 3273 1164 3325 eius
1201 3270 1366 3324 labiis
1404 3290 1570 3342 super
1606 3290 1794 3326 omnes
1830 3271 2020 3324 fideles
2056 3271 2198 3323 cives
2234 3279 2292 3323 et
2325 3271 2458 3322 sub-

284 3343 431 3397 ditos
468 3341 786 3394 destinavit.
856 3343 983 3394 Post
1020 3343 1231 3395 finitam
1268 3342 1438 3407 hanc,
1476 3360 1620 3413 quae
1657 3361 1757 3413 per
1793 3341 2082 3395 duodecim
2120 3340 2239 3393 dies
2273 3341 2466 3393 conti-

280 3420 420 3465 nnat
454 3420 512 3465 et
544 3412 617 3466 ob
662 3428 812 3464 sacra
845 3410 1131 3485 [natalium
1160 3423 1216 3467 et
1236 3412 1495 3483 baptismi
1523 3412 1750 3486 Christi]
1789 3415 1927 3466 festa
1952 3410 2291 3476 celebratur,
2329 3428 2461 3463 con·

282 3482 614 3534 vivationem
662 3482 971 3535 celebratur
1019 3485 1192 3547 alius,
1256 3482 1456 3537 festum
1513 3482 1857 3557 [luminum]
1917 3499 2285 3553 consequens,
2339 3480 2459 3533 dies

287 3551 492 3604 deximi
540 3570 636 3607 seu
694 3556 1028 3624 exceptorii‚
1087 3571 1198 3624 quo
1241 3556 1507 3607 Dominus
1559 3555 1859 3607 salutantes
1916 3554 2118 3606 amicos
2169 3552 2461 3605 admittere

285 3624 461 3684 solet,
493 3641 613 3676 cum
649 3627 855 3678 saximo
892 3642 989 3677 seu
1024 3624 1307 3678 saltatoria
1343 3624 1667 3679 decursione
1728 3624 2026 3678 coniuncti.
2098 3623 2247 3677 Facti
2304 3638 2463 3675 nem-

285 3707 358 3762 pe
393 3696 686 3747 secundum
735 3695 1027 3748 formulam
1066 3695 1272 3748 deximi
1308 3697 1432 3748 finis
1468 3713 1663 3749 novam
1702 3703 1759 3748 et
1795 3696 2126 3764 peculiarem
2157 3709 2341 3747 rerum
2374 3692 2464 3743 sa-

287 3762 428 3814 ciem
463 3771 631 3834 atque
679 3767 1130 3819 constitutionem
1166 3767 1439 3835 importat.
1513 3767 1803 3835 Sapientes
1841 3767 1988 3819 enim
2028 3771 2087 3818 et
2118 3781 2150 3814 a
2187 3765 2305 3817 Deo
2342 3763 2461 3816 ele-

288 3833 364 3885 cti
401 3834 576 3884 nostri
623 3835 840 3889 Domini
888 3846 1014 3905 post
1053 3838 1272 3889 finitum
1317 3853 1386 3888 ex
1442 3838 1676 3889 formula
1722 3836 1864 3889 illud
1909 3837 2136 3888 solenne
2183 3834 2461 3886 deximum

288 3918 477 3956 rursus
513 3906 826 3972 praesident
871 3906 941 3957 ad
991 3904 1344 3979 praestandas
1395 3906 1541 3960 bene
1583 3907 1922 3960 merentibus
1960 3906 2465 3966 remunerationes,

292 3982 350 4026 et
383 3972 692 4026 celebratur
726 3974 982 4049 deinceps
1017 3979 1327 4030 convivium
1374 3994 1539 4046 super
1582 3979 1849 4047 peculiari
1885 3977 2075 4029 tabula
2116 3976 2174 4027 in
2211 3975 2461 4046 splendi-
2490 4024 2497 4027 .

292 4041 518 4098 dissimo
555 4045 795 4098 triclinio
831 4049 1123 4102 Iustiniani
1159 4049 1372 4118 Magni5
1424 4056 1753 4119 oportetque
1795 4066 1894 4102 nos
1936 4049 2169 4100 invitare
2216 4047 2289 4098 ad
2335 4049 2463 4095 coii-

290 4114 597 4185 pulandum
632 4131 751 4167 cum
786 4118 1037 4174 Dominis
1071 4121 1304 4182 amieos,
1350 4119 1693 4188 magistratus
1742 4126 2018 4189 quotquot
2052 4116 2328 4186 campagia
2366 4131 2463 4183 ge·

291 4194 423 4243 runt
457 4186 795 4251 senatorios,
828 4196 892 4245 ut
920 4193 1236 4261 magistros,
1273 4189 1665 4260 proconsules,
1701 4190 1962 4262 patricios
1999 4188 2301 4252 officiales,
2352 4186 2465 4240 im·
