3050 4900
317 0 610 70 πληκτων
623 33 645 65 ,
701 0 812 46 και·
852 0 1236 64 αποτιἰ“νησιν
1275 0 1413 45 εκεῖ
1455 3 1576 64 την
1615 0 1845 66 κριῦην
1884 0 1998 43 και
2029 3 2241 46 πασαν
2280 0 2500 68 ετεραν

313 85 543 170 χρείαν
597 76 970 164 βασιλικήν.
1051 75 1132 142 τοὶ
1191 79 1264 143 δὲ
1319 77 1571 155 ξενάλια
1626 74 1707 142 τοὶ
1767 81 1853 165 τῷ
1891 82 2148 160 βασιλεῖ
2180 79 2499 165 φερόμενα

324 179 431 248 διὰ
471 184 703 268 κριθῆς
743 174 1231 264 παραλαμβάνει
1273 172 1307 240 ὅ
1350 179 1465 241 τοῦ
1506 174 1782 260 στοίβλου
1824 175 2041 262 κόμης,
2085 178 2153 241 ἐν
2192 202 2504 264 καταγρα-

280 282 423 369 5φῇ
462 278 836 361 ποιούμενος
875 273 988 361 τὴν
1028 275 1374 361 ποσότητα,
1435 271 1573 358 ἅμα
1615 278 1706 365 τῷ
1746 276 1959 365 εἶδικῷ
1999 274 2110 340 καί
2142 285 2274 353 τοῖς
2314 300 2501 343 νοτα-

328 382 522 466 ριόις,
580 378 977 458 ποιουμένων
1017 374 1317 440 κάκείνων
1356 378 1561 440 ταῦτα
1602 377 1669 441 ἐν
1709 378 2125 464 καταγραφῇ,
2191 378 2296 441 ἵνα
2335 376 2556 461 μετάο

325 474 397 545 τὸ
438 479 735 562 γενέσθαι
771 474 1182 540 καταστόλιον
1243 472 1692 560 λογαριάζηται
1756 473 1788 540 ὃ
1844 472 2339 562 πρωτονοτάριος
2395 480 2504 542 καὶ

329 576 364 642 ὃ
398 575 859 660 χαρτουλὰριος
898 577 989 649 εἷς
1026 571 1097 639 τὸ
1136 573 1423 659 σέκρετον
1463 578 1582 638 τοῦ
1622 573 1867 638 εἰδικοῦ
1883 624 1905 656 ,
1971 575 2078 640 ἵνα
2117 569 2504 661 ὖπεξαίρων-

327 676 437 741 ται
489 674 560 739 αἱ
613 673 851 759 ἡμέραι
904 675 1016 758 τῆς
1060 671 1365 758 χορηγίας
1402 674 1529 737 τῶν
1570 671 2104 759 πρωτονοταρίων.
2191 677 2302 737 καί
2337 672 2501 756 μετὰ

260 774 403 846 torci
444 771 719 860 περάσαι
758 768 868 838 τόν
909 774 1178 854 βασιλέα
1232 774 1342 836 καὶ
1385 772 1544 836 ἰδεῖν
1593 768 1712 857 τῆν
1753 776 2187 858 προμοσέλλαν
2241 774 2504 839 διατάσ-

334 896 517 940 σεται
551 873 642 961 τῷ
678 868 907 955 κόμητι
927 919 946 952 ,
989 873 1099 935 καί
1136 872 1425 951 διανέμει
1466 863 1700 955 αὗτῆν,
1761 868 1976 948 καθώς
2014 877 2346 960 κατωτέρω
2389 873 2506 958 ῥη-

331 970 639 1057 θήσεται.
720 968 829 1034 διὰ
885 971 1003 1035 τοῦ
1056 966 1327 1053 κόμητος
1380 971 1510 1034 τῶν
1572 967 1938 1051 όπτιμᾰτων
1992 975 2105 1057 τῆς
2164 973 2576 1058 ὑπουργίας-1)

336 1062 568 1154 ἄνδρες
606 1066 699 1134 σ’·
758 1070 869 1133 καὶ
909 1065 1062 1143 τούς
1098 1069 1217 1150 μὲν
1257 1062 1311 1153 ρ’
1356 1062 1601 1155 ὀφείλει
1641 1061 2206 1152 ἀναλαμβάνεσθαι
2245 1068 2279 1137 ὃ
2318 1069 2509 1155 κόμης

337 1172 459 1233 τοῦ
497 1166 776 1250 στὰβλου
818 1165 930 1232 καὶ
965 1166 999 1233 ὃ
1037 1164 1509 1254 χαρτουλοίριος
1549 1168 1618 1231 ἐν
1672 1172 2051 1255 καταγραφῇ
2091 1165 2246 1259 λόγῳ
2288 1174 2416 1235 τῶν
2456 1171 2527 1254 ρ’-

261 1264 663 1352 ιὸἷππαρίων
696 1266 823 1331 τῶν
858 1266 1439 1350 παρασυρομένων.
1518 1267 1632 1331 καί
1663 1263 1775 1331 τόν
1814 1264 2054 1352 κόμητα
2095 1267 2251 1349 μετὰ
2286 1270 2409 1332 τῶν
2447 1263 2513 1332 ἓ-

338 1368 541 1452 τέρων
582 1362 635 1451 ρ’
678 1360 1186 1446 ἄναλαμβάνεται
1227 1361 1266 1427 ὅ
1307 1366 1417 1429 ἐπὶ
1467 1364 1578 1449 τῆς
1628 1365 1938 1449 τραπέζης
1994 1363 2103 1429 καὶ
2151 1363 2185 1430 ὅ
2230 1367 2516 1447 δομέστι-

338 1488 451 1543 κος
489 1465 601 1549 τῆς
639 1461 987 1548 ὑπουργίας
1024 1460 1138 1526 καὶ
1179 1459 1215 1527 ὅ
1259 1460 1562 1537 οἷκειακὸς
1599 1461 1926 1546 βασιλικὸς
1967 1464 2324 1550 κελλοὶριος·
2408 1463 2516 1529 καὶ

339 1561 408 1630 οἱ
446 1564 564 1646 μὲν
607 1564 666 1627 π’
710 1564 983 1648 σύρουσι
1023 1559 1102 1627 td
1162 1560 1223 1626 π’
1265 1560 1594 1649 σαγμάρια
1617 1610 1636 1644 ,
1711 1559 1770 1628 οἶ
1827 1564 1900 1628 δὲ
1957 1559 2008 1624 κ’
2075 1563 2515 1629 ἀκολουθοῦσι.

335 1660 456 1729 καὶ
491 1656 592 1727 ὅτε
631 1658 875 1751 κατάβῃ
917 1658 951 1727 ὃ
990 1658 1294 1743 βασιλεύς
1345 1662 1437 1736 εἷς
1487 1659 1560 1727 τὸ
1620 1651 1925 1747 ἄπληκτον
1944 1707 1965 1746 ,
2035 1662 2402 1749 ἐπαίρουσιν
2455 1663 2516 1728 οῖ

335 1867 666 1937 applicatis]
704 1865 1063 1921 chartularius
1112 1866 1316 1921 stabuli
1351 1873 1410 1919 et
1458 1868 1710 1921 cellarius
1759 1881 1791 1918 a
1838 1870 2216 1938 protonotario
2256 1870 2518 1939 cuiusque

332 1938 637 1992 thematis:
676 1945 735 1989 et
790 1935 1050 2008 deinceps
1103 1936 1356 1991 dividunt
1391 1947 1449 1991 et
1480 1939 1780 2011 unicuique
1814 1939 2039 1992 animali
2092 1940 2326 1991 diarium
2363 1956 2521 1991 suum

326 2024 581 2079 pensum
617 2008 919 2077 porrigunt.
989 2010 1400 2061 protonotarius
1455 2019 1643 2062 autem
1692 2009 1951 2062 thematis
1997 2009 2308 2062 admonitus
2347 2012 2523 2079 impe-

328 2078 478 2129 riali
531 2075 892 2145 dispositione
917 2116 933 2141 ‚
971 2082 1197 2132 nomina
1231 2080 1571 2148 singulorum
1607 2097 1636 2131 a
1676 2078 1999 2149 plicatorum
2042 2081 2388 2143 continente,
2422 2080 2523 2132 de-

332 2148 512 2218 ponit
543 2144 626 2197 ibi
654 2147 928 2211 locorum,
964 2146 1064 2200 ubi
1100 2148 1374 2217 deponere
1418 2149 1596 2200 iussus
1660 2152 1804 2201 uerit
1827 2187 1843 2213 ,
1870 2152 2191 2220 imputatam
2225 2150 2331 2201 sibi
2371 2152 2523 2219 copi-

337 2234 437 2269 am
477 2232 589 2267 non
623 2216 817 2269 hordei
852 2225 1096 2282 tantum,
1131 2220 1227 2272 sed
1264 2226 1321 2271 et
1365 2218 1598 2271 aliarum
1637 2223 1883 2273 omnium
1927 2224 2060 2291 regii
2103 2221 2390 2273 comitatus
2426 2238 2524 2271 ne·

341 2288 691 2342 cessitatum.
759 2287 824 2341 Id
856 2306 1022 2353 vero,
1068 2289 1218 2359 quod
1267 2291 1326 2341 in
1378 2288 1588 2343 hordeo
1636 2292 1861 2345 nomine
1897 2291 2137 2345 muneris
2201 2292 2523 2360 Imperatori

340 2362 613 2420 offertur,
677 2360 737 2409 in
789 2358 954 2410 fidem
1004 2376 1299 2432 curamque
1353 2375 1505 2411 suam
1550 2361 1752 2431 accipit
1797 2361 2005 2413 stabuli
2066 2377 2273 2422 comes,
2320 2361 2521 2429 scripto

334 2430 677 2497 consignans
704 2428 1028 2494 identidem,
1052 2438 1319 2501 quantum
1348 2430 1637 2500 acceperit,
1675 2448 1851 2484 coram
1875 2431 2020 2485 idico
2049 2438 2106 2483 et
2138 2430 2386 2494 notariis,
2426 2429 2523 2501 qui

333 2499 516 2556 simul
551 2515 672 2551 cum
705 2499 825 2569 ipso
861 2499 1010 2552 idem
1031 2502 1274 2566 faciunt,
1312 2501 1480 2572 idque
1507 2502 1634 2555 ideo
1675 2503 1772 2565 fit,
1808 2510 1871 2555 ut
1904 2509 2030 2572 post
2051 2502 2285 2554 reditum
2320 2500 2389 2551 ab
2425 2516 2523 2551 ex-

326 2569 638 2643 peditione
672 2568 924 2634 domum,
961 2571 1179 2642 quando
1218 2573 1632 2640 protonotarius
1691 2570 2006 2644 [generalis]
2073 2580 2131 2625 et
2163 2571 2522 2624 chartularius

331 2639 607 2714 [stabuli]
648 2642 917 2694 rationem
952 2657 984 2691 a
1022 2658 1080 2695 se
1115 2644 1369 2712 praestiti
1403 2651 1460 2696 et
1492 2642 1701 2712 accepti
1739 2659 1913 2713 penus
1950 2641 2183 2695 reddent
2219 2644 2278 2694 in
2314 2649 2521 2694 secreto

329 2715 517 2771 iaici,
556 2711 907 2763 remittantur
933 2713 1058 2780 [pro
1095 2712 1340 2782 proxima
1373 2712 1756 2782 expeditione]
1787 2714 2176 2782 protonotariis
2213 2712 2358 2775 dies,
2434 2714 2523 2763 ui·-

329 2785 447 2835 bus
491 2780 816 2835 debuissent
867 2782 1004 2833 alias
1051 2785 1354 2835 necessaria
1401 2791 1692 2852 praestare.
1764 2785 2054 2854 Postquam
2102 2783 2380 2836 traiecerit
2442 2799 2523 2832 m-

333 2862 574 2924 perator
645 2851 849 2905 fretum
914 2860 971 2906 et
1020 2853 1332 2907 lustraverit
1378 2854 1761 2922 promosellam
1821 2871 1917 2906 seu
1965 2854 2177 2923 privum
2222 2852 2328 2904 sibi
2365 2870 2524 2904 suum

338 2924 685 3008 equitatum,
708 2921 932 2974 mandat
962 2924 1147 2975 comiti
1173 2922 1394 2987 stabuli,
1432 2924 1705 2996 quomodo
1741 2931 1921 2976 actum
1961 2940 2083 2975 cum
2126 2940 2190 2976 eo
2217 2925 2369 2987 velit,
2405 2924 2522 2974 dis·-

336 2992 667 3061 trrbuitque
716 3011 840 3046 eum
877 3009 944 3045 eo
992 2993 1155 3046 modo
1178 3032 1193 3057 ,
1237 2997 1331 3067 qui
1369 2992 1631 3064 deinceps
1669 2993 1894 3046 dicetur.
1967 2995 2161 3049 Comes
2198 2995 2524 3064 optimatum

337 3061 653 3117 ministerii
692 3063 951 3116 culinaris
987 3071 1264 3134 praestare
1302 3062 1472 3116 debet
1519 3066 1665 3118 viros
1706 3064 1966 3118 ducentos
1990 3104 2004 3129 ,
2047 3083 2276 3136 quorum
2311 3074 2522 3133 partem

340 3132 647 3188 dimidiam
676 3150 851 3188 comes
889 3135 1096 3187 stabuli
1117 3143 1174 3188 et
1207 3133 1572 3188 chartularius
1593 3137 1709 3188 eius
1749 3138 1808 3187 in
1845 3135 2007 3187 fidem
2041 3150 2335 3205 curamque
2371 3150 2525 3185 suam

337 3202 658 3272 accipiunt,
684 3205 1008 3257 nominatim
1037 3206 1235 3275 scripto
1272 3204 1581 3274 designatos
1600 3244 1616 3270 ‚
1649 3222 1748 3274 pro
1780 3214 1997 3259 centum
2028 3206 2206 3276 equis,
2237 3205 2331 3277 qui
2347 3221 2525 3257 coram

334 3278 694 3342 Imperatore
718 3273 1008 3328 trahuntur
1034 3285 1090 3329 et
1127 3275 1520 3345 producuntur.
1595 3277 1861 3329 Comitem
1889 3277 2211 3346 optimatum
2233 3292 2361 3328 vero
2403 3292 2527 3327 cum

334 3348 533 3399 altera
583 3343 908 3411 optimatum
943 3349 1187 3400 centuria
1223 3364 1375 3398 suam
1416 3348 1476 3399 in
1521 3345 1684 3399 fidem
1723 3364 2017 3419 curamque
2052 3347 2331 3415 accipiunt
2362 3362 2516 3414 prae-

332 3417 535 3472 fectus
589 3429 807 3466 mensae
855 3423 913 3465 et
965 3415 1291 3471 domesticus
1332 3416 1635 3469 'ministerii
1680 3419 1932 3470 culinaris
1983 3426 2041 3471 et
2070 3418 2309 3488 privatus
2348 3417 2526 3486 regius

333 3485 635 3547 cellarius.
707 3486 777 3538 Et
812 3484 1006 3540 horum
1062 3490 1428 3557 posteriorum
1464 3488 1739 3556 octoginta
1774 3488 1998 3561 quidem
2030 3487 2257 3541 trahunt
2290 3503 2435 3554 pone
2468 3501 2527 3537 se

329 3555 595 3613 totidem
631 3558 923 3623 sagmaria3
970 3559 1176 3630 reliqui
1219 3559 1411 3630 viginti
1462 3574 1677 3628 gregem
1711 3567 2031 3631 sequuntur.
2101 3559 2175 3610 Hi
2213 3557 2527 3625 optimates,

329 3642 583 3702 unaque
629 3640 754 3680 cum
799 3627 934 3698 ipsis
994 3629 1315 3703 syntrophi,
1364 3629 1675 3700 accipiunt,
1724 3630 2059 3702 Imperatore
2107 3629 2169 3683 in
2237 3627 2527 3681 stationem

2996 4120 3020 4154 A

2981 4167 3022 4203 A
